%YAML 1.1
%TAG !u! tag:unity3d.com,2011:
--- !u!1 &84999475352182723
GameObject:
  m_ObjectHideFlags: 0
  m_CorrespondingSourceObject: {fileID: 0}
  m_PrefabInstance: {fileID: 0}
  m_PrefabAsset: {fileID: 0}
  serializedVersion: 6
  m_Component:
  - component: {fileID: 4978214305976582323}
  - component: {fileID: 8473259072917963085}
  - component: {fileID: 4584578397300403099}
  m_Layer: 5
  m_Name: Lock (1)
  m_TagString: Untagged
  m_Icon: {fileID: 0}
  m_NavMeshLayer: 0
  m_StaticEditorFlags: 0
  m_IsActive: 1
--- !u!224 &4978214305976582323
RectTransform:
  m_ObjectHideFlags: 0
  m_CorrespondingSourceObject: {fileID: 0}
  m_PrefabInstance: {fileID: 0}
  m_PrefabAsset: {fileID: 0}
  m_GameObject: {fileID: 84999475352182723}
  m_LocalRotation: {x: -0, y: -0, z: -0, w: 1}
  m_LocalPosition: {x: 0, y: 0, z: 0}
  m_LocalScale: {x: 1, y: 1, z: 1}
  m_Children: []
  m_Father: {fileID: 4495891041193587516}
  m_RootOrder: 16
  m_LocalEulerAnglesHint: {x: 0, y: 0, z: 0}
  m_AnchorMin: {x: 0, y: 0}
  m_AnchorMax: {x: 0, y: 0}
  m_AnchoredPosition: {x: 0, y: 0}
  m_SizeDelta: {x: 0, y: 0}
  m_Pivot: {x: 0.5, y: 0.5}
--- !u!222 &8473259072917963085
CanvasRenderer:
  m_ObjectHideFlags: 0
  m_CorrespondingSourceObject: {fileID: 0}
  m_PrefabInstance: {fileID: 0}
  m_PrefabAsset: {fileID: 0}
  m_GameObject: {fileID: 84999475352182723}
  m_CullTransparentMesh: 1
--- !u!114 &4584578397300403099
MonoBehaviour:
  m_ObjectHideFlags: 0
  m_CorrespondingSourceObject: {fileID: 0}
  m_PrefabInstance: {fileID: 0}
  m_PrefabAsset: {fileID: 0}
  m_GameObject: {fileID: 84999475352182723}
  m_Enabled: 1
  m_EditorHideFlags: 0
  m_Script: {fileID: 11500000, guid: fe87c0e1cc204ed48ad3b37840f39efc, type: 3}
  m_Name: 
  m_EditorClassIdentifier: 
  m_Material: {fileID: 0}
  m_Color: {r: 1, g: 1, b: 1, a: 1}
  m_RaycastTarget: 1
  m_RaycastPadding: {x: 0, y: 0, z: 0, w: 0}
  m_Maskable: 1
  m_OnCullStateChanged:
    m_PersistentCalls:
      m_Calls: []
  m_Sprite: {fileID: 21300000, guid: 1b1448dd54f3b344fa82b0e748140669, type: 3}
  m_Type: 0
  m_PreserveAspect: 0
  m_FillCenter: 1
  m_FillMethod: 4
  m_FillAmount: 1
  m_FillClockwise: 1
  m_FillOrigin: 0
  m_UseSpriteMesh: 0
  m_PixelsPerUnitMultiplier: 1
--- !u!1 &3805562010293007459
GameObject:
  m_ObjectHideFlags: 0
  m_CorrespondingSourceObject: {fileID: 0}
  m_PrefabInstance: {fileID: 0}
  m_PrefabAsset: {fileID: 0}
  serializedVersion: 6
  m_Component:
  - component: {fileID: 7104480630282159769}
  - component: {fileID: 5614625497624724118}
  - component: {fileID: 6883164568066987155}
  m_Layer: 5
  m_Name: Lock
  m_TagString: Untagged
  m_Icon: {fileID: 0}
  m_NavMeshLayer: 0
  m_StaticEditorFlags: 0
  m_IsActive: 1
--- !u!224 &7104480630282159769
RectTransform:
  m_ObjectHideFlags: 0
  m_CorrespondingSourceObject: {fileID: 0}
  m_PrefabInstance: {fileID: 0}
  m_PrefabAsset: {fileID: 0}
  m_GameObject: {fileID: 3805562010293007459}
  m_LocalRotation: {x: -0, y: -0, z: -0, w: 1}
  m_LocalPosition: {x: 0, y: 0, z: 0}
  m_LocalScale: {x: 1, y: 1, z: 1}
  m_Children: []
  m_Father: {fileID: 4495891041193587516}
  m_RootOrder: 15
  m_LocalEulerAnglesHint: {x: 0, y: 0, z: 0}
  m_AnchorMin: {x: 0, y: 0}
  m_AnchorMax: {x: 0, y: 0}
  m_AnchoredPosition: {x: 0, y: 0}
  m_SizeDelta: {x: 0, y: 0}
  m_Pivot: {x: 0.5, y: 0.5}
--- !u!222 &5614625497624724118
CanvasRenderer:
  m_ObjectHideFlags: 0
  m_CorrespondingSourceObject: {fileID: 0}
  m_PrefabInstance: {fileID: 0}
  m_PrefabAsset: {fileID: 0}
  m_GameObject: {fileID: 3805562010293007459}
  m_CullTransparentMesh: 1
--- !u!114 &6883164568066987155
MonoBehaviour:
  m_ObjectHideFlags: 0
  m_CorrespondingSourceObject: {fileID: 0}
  m_PrefabInstance: {fileID: 0}
  m_PrefabAsset: {fileID: 0}
  m_GameObject: {fileID: 3805562010293007459}
  m_Enabled: 1
  m_EditorHideFlags: 0
  m_Script: {fileID: 11500000, guid: fe87c0e1cc204ed48ad3b37840f39efc, type: 3}
  m_Name: 
  m_EditorClassIdentifier: 
  m_Material: {fileID: 0}
  m_Color: {r: 1, g: 1, b: 1, a: 1}
  m_RaycastTarget: 1
  m_RaycastPadding: {x: 0, y: 0, z: 0, w: 0}
  m_Maskable: 1
  m_OnCullStateChanged:
    m_PersistentCalls:
      m_Calls: []
  m_Sprite: {fileID: 21300000, guid: 1b1448dd54f3b344fa82b0e748140669, type: 3}
  m_Type: 0
  m_PreserveAspect: 0
  m_FillCenter: 1
  m_FillMethod: 4
  m_FillAmount: 1
  m_FillClockwise: 1
  m_FillOrigin: 0
  m_UseSpriteMesh: 0
  m_PixelsPerUnitMultiplier: 1
--- !u!1 &4495891041193587517
GameObject:
  m_ObjectHideFlags: 0
  m_CorrespondingSourceObject: {fileID: 0}
  m_PrefabInstance: {fileID: 0}
  m_PrefabAsset: {fileID: 0}
  serializedVersion: 6
  m_Component:
  - component: {fileID: 4495891041193587516}
  - component: {fileID: 4495891041193587519}
  m_Layer: 5
  m_Name: High Tier Item Slots Grid Stage 1
  m_TagString: Untagged
  m_Icon: {fileID: 0}
  m_NavMeshLayer: 0
  m_StaticEditorFlags: 0
  m_IsActive: 1
--- !u!224 &4495891041193587516
RectTransform:
  m_ObjectHideFlags: 0
  m_CorrespondingSourceObject: {fileID: 0}
  m_PrefabInstance: {fileID: 0}
  m_PrefabAsset: {fileID: 0}
  m_GameObject: {fileID: 4495891041193587517}
  m_LocalRotation: {x: 0, y: 0, z: 0, w: 1}
  m_LocalPosition: {x: 0, y: 0, z: 0}
  m_LocalScale: {x: 1, y: 1, z: 1}
  m_Children:
  - {fileID: 8071859560055021830}
  - {fileID: 5135398257298654144}
  - {fileID: 5135398256711649522}
  - {fileID: 5135398256910494045}
  - {fileID: 5135398258553164953}
  - {fileID: 5135398258324374251}
  - {fileID: 5135398256632603550}
  - {fileID: 5135398256707781522}
  - {fileID: 5135398258625630844}
  - {fileID: 5135398257820798652}
  - {fileID: 5135398257354560251}
  - {fileID: 5135398258685206083}
  - {fileID: 5135398256732896312}
  - {fileID: 5135398258684466020}
  - {fileID: 5135398257888724851}
  - {fileID: 7104480630282159769}
  - {fileID: 4978214305976582323}
  - {fileID: 8472842355517209710}
  m_Father: {fileID: 0}
  m_RootOrder: 0
  m_LocalEulerAnglesHint: {x: 0, y: 0, z: 0}
  m_AnchorMin: {x: 0, y: 0}
  m_AnchorMax: {x: 1, y: 1}
  m_AnchoredPosition: {x: 0, y: 0}
  m_SizeDelta: {x: 0, y: 0}
  m_Pivot: {x: 0.5, y: 0.5}
--- !u!114 &4495891041193587519
MonoBehaviour:
  m_ObjectHideFlags: 0
  m_CorrespondingSourceObject: {fileID: 0}
  m_PrefabInstance: {fileID: 0}
  m_PrefabAsset: {fileID: 0}
  m_GameObject: {fileID: 4495891041193587517}
  m_Enabled: 1
  m_EditorHideFlags: 0
  m_Script: {fileID: 11500000, guid: 8a8695521f0d02e499659fee002a26c2, type: 3}
  m_Name: 
  m_EditorClassIdentifier: 
  m_Padding:
    m_Left: 83
    m_Right: 0
    m_Top: 168
    m_Bottom: 0
  m_ChildAlignment: 0
  m_StartCorner: 0
  m_StartAxis: 0
  m_CellSize: {x: 104.4, y: 71.1}
  m_Spacing: {x: 86.7, y: 111.6}
  m_Constraint: 1
  m_ConstraintCount: 6
--- !u!1 &6535955006317224588
GameObject:
  m_ObjectHideFlags: 0
  m_CorrespondingSourceObject: {fileID: 0}
  m_PrefabInstance: {fileID: 0}
  m_PrefabAsset: {fileID: 0}
  serializedVersion: 6
  m_Component:
  - component: {fileID: 8472842355517209710}
  - component: {fileID: 5742922037854704466}
  - component: {fileID: 6841797718524734138}
  m_Layer: 5
  m_Name: Lock (2)
  m_TagString: Untagged
  m_Icon: {fileID: 0}
  m_NavMeshLayer: 0
  m_StaticEditorFlags: 0
  m_IsActive: 1
--- !u!224 &8472842355517209710
RectTransform:
  m_ObjectHideFlags: 0
  m_CorrespondingSourceObject: {fileID: 0}
  m_PrefabInstance: {fileID: 0}
  m_PrefabAsset: {fileID: 0}
  m_GameObject: {fileID: 6535955006317224588}
  m_LocalRotation: {x: -0, y: -0, z: -0, w: 1}
  m_LocalPosition: {x: 0, y: 0, z: 0}
  m_LocalScale: {x: 1, y: 1, z: 1}
  m_Children: []
  m_Father: {fileID: 4495891041193587516}
  m_RootOrder: 17
  m_LocalEulerAnglesHint: {x: 0, y: 0, z: 0}
  m_AnchorMin: {x: 0, y: 0}
  m_AnchorMax: {x: 0, y: 0}
  m_AnchoredPosition: {x: 0, y: 0}
  m_SizeDelta: {x: 0, y: 0}
  m_Pivot: {x: 0.5, y: 0.5}
--- !u!222 &5742922037854704466
CanvasRenderer:
  m_ObjectHideFlags: 0
  m_CorrespondingSourceObject: {fileID: 0}
  m_PrefabInstance: {fileID: 0}
  m_PrefabAsset: {fileID: 0}
  m_GameObject: {fileID: 6535955006317224588}
  m_CullTransparentMesh: 1
--- !u!114 &6841797718524734138
MonoBehaviour:
  m_ObjectHideFlags: 0
  m_CorrespondingSourceObject: {fileID: 0}
  m_PrefabInstance: {fileID: 0}
  m_PrefabAsset: {fileID: 0}
  m_GameObject: {fileID: 6535955006317224588}
  m_Enabled: 1
  m_EditorHideFlags: 0
  m_Script: {fileID: 11500000, guid: fe87c0e1cc204ed48ad3b37840f39efc, type: 3}
  m_Name: 
  m_EditorClassIdentifier: 
  m_Material: {fileID: 0}
  m_Color: {r: 1, g: 1, b: 1, a: 1}
  m_RaycastTarget: 1
  m_RaycastPadding: {x: 0, y: 0, z: 0, w: 0}
  m_Maskable: 1
  m_OnCullStateChanged:
    m_PersistentCalls:
      m_Calls: []
  m_Sprite: {fileID: 21300000, guid: 1b1448dd54f3b344fa82b0e748140669, type: 3}
  m_Type: 0
  m_PreserveAspect: 0
  m_FillCenter: 1
  m_FillMethod: 4
  m_FillAmount: 1
  m_FillClockwise: 1
  m_FillOrigin: 0
  m_UseSpriteMesh: 0
  m_PixelsPerUnitMultiplier: 1
--- !u!1001 &658938512186911079
PrefabInstance:
  m_ObjectHideFlags: 0
  serializedVersion: 2
  m_Modification:
    m_TransformParent: {fileID: 4495891041193587516}
    m_Modifications:
    - target: {fileID: 3685896960962522006, guid: 005af990cd96cb64698cd03644cb01ce, type: 3}
      propertyPath: m_Name
      value: Item Slot (1)
      objectReference: {fileID: 0}
    - target: {fileID: 8415193121016240758, guid: 005af990cd96cb64698cd03644cb01ce, type: 3}
      propertyPath: m_Sprite
      value: 
      objectReference: {fileID: 21300000, guid: d908adef14ad98741aaa0bd3644c83c4, type: 3}
    - target: {fileID: 8415193121016240758, guid: 005af990cd96cb64698cd03644cb01ce, type: 3}
      propertyPath: m_Color.a
      value: 0
      objectReference: {fileID: 0}
    - target: {fileID: 8415193121016240758, guid: 005af990cd96cb64698cd03644cb01ce, type: 3}
      propertyPath: m_Enabled
      value: 1
      objectReference: {fileID: 0}
    - target: {fileID: 8727981116684896353, guid: 005af990cd96cb64698cd03644cb01ce, type: 3}
      propertyPath: m_Pivot.x
      value: 0.5
      objectReference: {fileID: 0}
    - target: {fileID: 8727981116684896353, guid: 005af990cd96cb64698cd03644cb01ce, type: 3}
      propertyPath: m_Pivot.y
      value: 0.5
      objectReference: {fileID: 0}
    - target: {fileID: 8727981116684896353, guid: 005af990cd96cb64698cd03644cb01ce, type: 3}
      propertyPath: m_RootOrder
      value: 0
      objectReference: {fileID: 0}
    - target: {fileID: 8727981116684896353, guid: 005af990cd96cb64698cd03644cb01ce, type: 3}
      propertyPath: m_AnchorMax.x
      value: 0
      objectReference: {fileID: 0}
    - target: {fileID: 8727981116684896353, guid: 005af990cd96cb64698cd03644cb01ce, type: 3}
      propertyPath: m_AnchorMax.y
      value: 0
      objectReference: {fileID: 0}
    - target: {fileID: 8727981116684896353, guid: 005af990cd96cb64698cd03644cb01ce, type: 3}
      propertyPath: m_AnchorMin.x
      value: 0
      objectReference: {fileID: 0}
    - target: {fileID: 8727981116684896353, guid: 005af990cd96cb64698cd03644cb01ce, type: 3}
      propertyPath: m_AnchorMin.y
      value: 0
      objectReference: {fileID: 0}
    - target: {fileID: 8727981116684896353, guid: 005af990cd96cb64698cd03644cb01ce, type: 3}
      propertyPath: m_SizeDelta.x
      value: 0
      objectReference: {fileID: 0}
    - target: {fileID: 8727981116684896353, guid: 005af990cd96cb64698cd03644cb01ce, type: 3}
      propertyPath: m_SizeDelta.y
      value: 0
      objectReference: {fileID: 0}
    - target: {fileID: 8727981116684896353, guid: 005af990cd96cb64698cd03644cb01ce, type: 3}
      propertyPath: m_LocalPosition.x
      value: 0
      objectReference: {fileID: 0}
    - target: {fileID: 8727981116684896353, guid: 005af990cd96cb64698cd03644cb01ce, type: 3}
      propertyPath: m_LocalPosition.y
      value: 0
      objectReference: {fileID: 0}
    - target: {fileID: 8727981116684896353, guid: 005af990cd96cb64698cd03644cb01ce, type: 3}
      propertyPath: m_LocalPosition.z
      value: 0
      objectReference: {fileID: 0}
    - target: {fileID: 8727981116684896353, guid: 005af990cd96cb64698cd03644cb01ce, type: 3}
      propertyPath: m_LocalRotation.w
      value: 1
      objectReference: {fileID: 0}
    - target: {fileID: 8727981116684896353, guid: 005af990cd96cb64698cd03644cb01ce, type: 3}
      propertyPath: m_LocalRotation.x
      value: 0
      objectReference: {fileID: 0}
    - target: {fileID: 8727981116684896353, guid: 005af990cd96cb64698cd03644cb01ce, type: 3}
      propertyPath: m_LocalRotation.y
      value: 0
      objectReference: {fileID: 0}
    - target: {fileID: 8727981116684896353, guid: 005af990cd96cb64698cd03644cb01ce, type: 3}
      propertyPath: m_LocalRotation.z
      value: 0
      objectReference: {fileID: 0}
    - target: {fileID: 8727981116684896353, guid: 005af990cd96cb64698cd03644cb01ce, type: 3}
      propertyPath: m_AnchoredPosition.x
      value: 0
      objectReference: {fileID: 0}
    - target: {fileID: 8727981116684896353, guid: 005af990cd96cb64698cd03644cb01ce, type: 3}
      propertyPath: m_AnchoredPosition.y
      value: 0
      objectReference: {fileID: 0}
    - target: {fileID: 8727981116684896353, guid: 005af990cd96cb64698cd03644cb01ce, type: 3}
      propertyPath: m_LocalEulerAnglesHint.x
      value: 0
      objectReference: {fileID: 0}
    - target: {fileID: 8727981116684896353, guid: 005af990cd96cb64698cd03644cb01ce, type: 3}
      propertyPath: m_LocalEulerAnglesHint.y
      value: 0
      objectReference: {fileID: 0}
    - target: {fileID: 8727981116684896353, guid: 005af990cd96cb64698cd03644cb01ce, type: 3}
      propertyPath: m_LocalEulerAnglesHint.z
      value: 0
      objectReference: {fileID: 0}
    m_RemovedComponents: []
  m_SourcePrefab: {fileID: 100100000, guid: 005af990cd96cb64698cd03644cb01ce, type: 3}
--- !u!224 &8071859560055021830 stripped
RectTransform:
  m_CorrespondingSourceObject: {fileID: 8727981116684896353, guid: 005af990cd96cb64698cd03644cb01ce, type: 3}
  m_PrefabInstance: {fileID: 658938512186911079}
  m_PrefabAsset: {fileID: 0}
--- !u!1001 &4495891039799757729
PrefabInstance:
  m_ObjectHideFlags: 0
  serializedVersion: 2
  m_Modification:
    m_TransformParent: {fileID: 4495891041193587516}
    m_Modifications:
    - target: {fileID: 3685896960962522006, guid: 005af990cd96cb64698cd03644cb01ce, type: 3}
      propertyPath: m_Name
      value: Item Slot (2)
      objectReference: {fileID: 0}
    - target: {fileID: 8415193121016240758, guid: 005af990cd96cb64698cd03644cb01ce, type: 3}
      propertyPath: m_Sprite
      value: 
      objectReference: {fileID: 21300000, guid: d908adef14ad98741aaa0bd3644c83c4, type: 3}
    - target: {fileID: 8415193121016240758, guid: 005af990cd96cb64698cd03644cb01ce, type: 3}
      propertyPath: m_Color.a
      value: 0
      objectReference: {fileID: 0}
    - target: {fileID: 8415193121016240758, guid: 005af990cd96cb64698cd03644cb01ce, type: 3}
      propertyPath: m_Enabled
      value: 1
      objectReference: {fileID: 0}
    - target: {fileID: 8727981116684896353, guid: 005af990cd96cb64698cd03644cb01ce, type: 3}
      propertyPath: m_Pivot.x
      value: 0.5
      objectReference: {fileID: 0}
    - target: {fileID: 8727981116684896353, guid: 005af990cd96cb64698cd03644cb01ce, type: 3}
      propertyPath: m_Pivot.y
      value: 0.5
      objectReference: {fileID: 0}
    - target: {fileID: 8727981116684896353, guid: 005af990cd96cb64698cd03644cb01ce, type: 3}
      propertyPath: m_RootOrder
      value: 1
      objectReference: {fileID: 0}
    - target: {fileID: 8727981116684896353, guid: 005af990cd96cb64698cd03644cb01ce, type: 3}
      propertyPath: m_AnchorMax.x
      value: 0
      objectReference: {fileID: 0}
    - target: {fileID: 8727981116684896353, guid: 005af990cd96cb64698cd03644cb01ce, type: 3}
      propertyPath: m_AnchorMax.y
      value: 0
      objectReference: {fileID: 0}
    - target: {fileID: 8727981116684896353, guid: 005af990cd96cb64698cd03644cb01ce, type: 3}
      propertyPath: m_AnchorMin.x
      value: 0
      objectReference: {fileID: 0}
    - target: {fileID: 8727981116684896353, guid: 005af990cd96cb64698cd03644cb01ce, type: 3}
      propertyPath: m_AnchorMin.y
      value: 0
      objectReference: {fileID: 0}
    - target: {fileID: 8727981116684896353, guid: 005af990cd96cb64698cd03644cb01ce, type: 3}
      propertyPath: m_SizeDelta.x
      value: 0
      objectReference: {fileID: 0}
    - target: {fileID: 8727981116684896353, guid: 005af990cd96cb64698cd03644cb01ce, type: 3}
      propertyPath: m_SizeDelta.y
      value: 0
      objectReference: {fileID: 0}
    - target: {fileID: 8727981116684896353, guid: 005af990cd96cb64698cd03644cb01ce, type: 3}
      propertyPath: m_LocalPosition.x
      value: 0
      objectReference: {fileID: 0}
    - target: {fileID: 8727981116684896353, guid: 005af990cd96cb64698cd03644cb01ce, type: 3}
      propertyPath: m_LocalPosition.y
      value: 0
      objectReference: {fileID: 0}
    - target: {fileID: 8727981116684896353, guid: 005af990cd96cb64698cd03644cb01ce, type: 3}
      propertyPath: m_LocalPosition.z
      value: 0
      objectReference: {fileID: 0}
    - target: {fileID: 8727981116684896353, guid: 005af990cd96cb64698cd03644cb01ce, type: 3}
      propertyPath: m_LocalRotation.w
      value: 1
      objectReference: {fileID: 0}
    - target: {fileID: 8727981116684896353, guid: 005af990cd96cb64698cd03644cb01ce, type: 3}
      propertyPath: m_LocalRotation.x
      value: 0
      objectReference: {fileID: 0}
    - target: {fileID: 8727981116684896353, guid: 005af990cd96cb64698cd03644cb01ce, type: 3}
      propertyPath: m_LocalRotation.y
      value: 0
      objectReference: {fileID: 0}
    - target: {fileID: 8727981116684896353, guid: 005af990cd96cb64698cd03644cb01ce, type: 3}
      propertyPath: m_LocalRotation.z
      value: 0
      objectReference: {fileID: 0}
    - target: {fileID: 8727981116684896353, guid: 005af990cd96cb64698cd03644cb01ce, type: 3}
      propertyPath: m_AnchoredPosition.x
      value: 0
      objectReference: {fileID: 0}
    - target: {fileID: 8727981116684896353, guid: 005af990cd96cb64698cd03644cb01ce, type: 3}
      propertyPath: m_AnchoredPosition.y
      value: 0
      objectReference: {fileID: 0}
    - target: {fileID: 8727981116684896353, guid: 005af990cd96cb64698cd03644cb01ce, type: 3}
      propertyPath: m_LocalEulerAnglesHint.x
      value: 0
      objectReference: {fileID: 0}
    - target: {fileID: 8727981116684896353, guid: 005af990cd96cb64698cd03644cb01ce, type: 3}
      propertyPath: m_LocalEulerAnglesHint.y
      value: 0
      objectReference: {fileID: 0}
    - target: {fileID: 8727981116684896353, guid: 005af990cd96cb64698cd03644cb01ce, type: 3}
      propertyPath: m_LocalEulerAnglesHint.z
      value: 0
      objectReference: {fileID: 0}
    m_RemovedComponents: []
  m_SourcePrefab: {fileID: 100100000, guid: 005af990cd96cb64698cd03644cb01ce, type: 3}
--- !u!224 &5135398257298654144 stripped
RectTransform:
  m_CorrespondingSourceObject: {fileID: 8727981116684896353, guid: 005af990cd96cb64698cd03644cb01ce, type: 3}
  m_PrefabInstance: {fileID: 4495891039799757729}
  m_PrefabAsset: {fileID: 0}
--- !u!1001 &4495891039924869786
PrefabInstance:
  m_ObjectHideFlags: 0
  serializedVersion: 2
  m_Modification:
    m_TransformParent: {fileID: 4495891041193587516}
    m_Modifications:
    - target: {fileID: 3685896960962522006, guid: 005af990cd96cb64698cd03644cb01ce, type: 3}
      propertyPath: m_Name
      value: Item Slot (11)
      objectReference: {fileID: 0}
    - target: {fileID: 8415193121016240758, guid: 005af990cd96cb64698cd03644cb01ce, type: 3}
      propertyPath: m_Sprite
      value: 
      objectReference: {fileID: 21300000, guid: d908adef14ad98741aaa0bd3644c83c4, type: 3}
    - target: {fileID: 8415193121016240758, guid: 005af990cd96cb64698cd03644cb01ce, type: 3}
      propertyPath: m_Color.a
      value: 0
      objectReference: {fileID: 0}
    - target: {fileID: 8415193121016240758, guid: 005af990cd96cb64698cd03644cb01ce, type: 3}
      propertyPath: m_Enabled
      value: 1
      objectReference: {fileID: 0}
    - target: {fileID: 8727981116684896353, guid: 005af990cd96cb64698cd03644cb01ce, type: 3}
      propertyPath: m_Pivot.x
      value: 0.5
      objectReference: {fileID: 0}
    - target: {fileID: 8727981116684896353, guid: 005af990cd96cb64698cd03644cb01ce, type: 3}
      propertyPath: m_Pivot.y
      value: 0.5
      objectReference: {fileID: 0}
    - target: {fileID: 8727981116684896353, guid: 005af990cd96cb64698cd03644cb01ce, type: 3}
      propertyPath: m_RootOrder
      value: 10
      objectReference: {fileID: 0}
    - target: {fileID: 8727981116684896353, guid: 005af990cd96cb64698cd03644cb01ce, type: 3}
      propertyPath: m_AnchorMax.x
      value: 0
      objectReference: {fileID: 0}
    - target: {fileID: 8727981116684896353, guid: 005af990cd96cb64698cd03644cb01ce, type: 3}
      propertyPath: m_AnchorMax.y
      value: 0
      objectReference: {fileID: 0}
    - target: {fileID: 8727981116684896353, guid: 005af990cd96cb64698cd03644cb01ce, type: 3}
      propertyPath: m_AnchorMin.x
      value: 0
      objectReference: {fileID: 0}
    - target: {fileID: 8727981116684896353, guid: 005af990cd96cb64698cd03644cb01ce, type: 3}
      propertyPath: m_AnchorMin.y
      value: 0
      objectReference: {fileID: 0}
    - target: {fileID: 8727981116684896353, guid: 005af990cd96cb64698cd03644cb01ce, type: 3}
      propertyPath: m_SizeDelta.x
      value: 0
      objectReference: {fileID: 0}
    - target: {fileID: 8727981116684896353, guid: 005af990cd96cb64698cd03644cb01ce, type: 3}
      propertyPath: m_SizeDelta.y
      value: 0
      objectReference: {fileID: 0}
    - target: {fileID: 8727981116684896353, guid: 005af990cd96cb64698cd03644cb01ce, type: 3}
      propertyPath: m_LocalPosition.x
      value: 0
      objectReference: {fileID: 0}
    - target: {fileID: 8727981116684896353, guid: 005af990cd96cb64698cd03644cb01ce, type: 3}
      propertyPath: m_LocalPosition.y
      value: 0
      objectReference: {fileID: 0}
    - target: {fileID: 8727981116684896353, guid: 005af990cd96cb64698cd03644cb01ce, type: 3}
      propertyPath: m_LocalPosition.z
      value: 0
      objectReference: {fileID: 0}
    - target: {fileID: 8727981116684896353, guid: 005af990cd96cb64698cd03644cb01ce, type: 3}
      propertyPath: m_LocalRotation.w
      value: 1
      objectReference: {fileID: 0}
    - target: {fileID: 8727981116684896353, guid: 005af990cd96cb64698cd03644cb01ce, type: 3}
      propertyPath: m_LocalRotation.x
      value: 0
      objectReference: {fileID: 0}
    - target: {fileID: 8727981116684896353, guid: 005af990cd96cb64698cd03644cb01ce, type: 3}
      propertyPath: m_LocalRotation.y
      value: 0
      objectReference: {fileID: 0}
    - target: {fileID: 8727981116684896353, guid: 005af990cd96cb64698cd03644cb01ce, type: 3}
      propertyPath: m_LocalRotation.z
      value: 0
      objectReference: {fileID: 0}
    - target: {fileID: 8727981116684896353, guid: 005af990cd96cb64698cd03644cb01ce, type: 3}
      propertyPath: m_AnchoredPosition.x
      value: 0
      objectReference: {fileID: 0}
    - target: {fileID: 8727981116684896353, guid: 005af990cd96cb64698cd03644cb01ce, type: 3}
      propertyPath: m_AnchoredPosition.y
      value: 0
      objectReference: {fileID: 0}
    - target: {fileID: 8727981116684896353, guid: 005af990cd96cb64698cd03644cb01ce, type: 3}
      propertyPath: m_LocalEulerAnglesHint.x
      value: 0
      objectReference: {fileID: 0}
    - target: {fileID: 8727981116684896353, guid: 005af990cd96cb64698cd03644cb01ce, type: 3}
      propertyPath: m_LocalEulerAnglesHint.y
      value: 0
      objectReference: {fileID: 0}
    - target: {fileID: 8727981116684896353, guid: 005af990cd96cb64698cd03644cb01ce, type: 3}
      propertyPath: m_LocalEulerAnglesHint.z
      value: 0
      objectReference: {fileID: 0}
    m_RemovedComponents: []
  m_SourcePrefab: {fileID: 100100000, guid: 005af990cd96cb64698cd03644cb01ce, type: 3}
--- !u!224 &5135398257354560251 stripped
RectTransform:
  m_CorrespondingSourceObject: {fileID: 8727981116684896353, guid: 005af990cd96cb64698cd03644cb01ce, type: 3}
  m_PrefabInstance: {fileID: 4495891039924869786}
  m_PrefabAsset: {fileID: 0}
--- !u!1001 &4495891039950561596
PrefabInstance:
  m_ObjectHideFlags: 0
  serializedVersion: 2
  m_Modification:
    m_TransformParent: {fileID: 4495891041193587516}
    m_Modifications:
    - target: {fileID: 3685896960962522006, guid: 005af990cd96cb64698cd03644cb01ce, type: 3}
      propertyPath: m_Name
      value: Item Slot (4)
      objectReference: {fileID: 0}
    - target: {fileID: 8415193121016240758, guid: 005af990cd96cb64698cd03644cb01ce, type: 3}
      propertyPath: m_Sprite
      value: 
      objectReference: {fileID: 21300000, guid: d908adef14ad98741aaa0bd3644c83c4, type: 3}
    - target: {fileID: 8415193121016240758, guid: 005af990cd96cb64698cd03644cb01ce, type: 3}
      propertyPath: m_Color.a
      value: 0
      objectReference: {fileID: 0}
    - target: {fileID: 8415193121016240758, guid: 005af990cd96cb64698cd03644cb01ce, type: 3}
      propertyPath: m_Enabled
      value: 1
      objectReference: {fileID: 0}
    - target: {fileID: 8727981116684896353, guid: 005af990cd96cb64698cd03644cb01ce, type: 3}
      propertyPath: m_Pivot.x
      value: 0.5
      objectReference: {fileID: 0}
    - target: {fileID: 8727981116684896353, guid: 005af990cd96cb64698cd03644cb01ce, type: 3}
      propertyPath: m_Pivot.y
      value: 0.5
      objectReference: {fileID: 0}
    - target: {fileID: 8727981116684896353, guid: 005af990cd96cb64698cd03644cb01ce, type: 3}
      propertyPath: m_RootOrder
      value: 3
      objectReference: {fileID: 0}
    - target: {fileID: 8727981116684896353, guid: 005af990cd96cb64698cd03644cb01ce, type: 3}
      propertyPath: m_AnchorMax.x
      value: 0
      objectReference: {fileID: 0}
    - target: {fileID: 8727981116684896353, guid: 005af990cd96cb64698cd03644cb01ce, type: 3}
      propertyPath: m_AnchorMax.y
      value: 0
      objectReference: {fileID: 0}
    - target: {fileID: 8727981116684896353, guid: 005af990cd96cb64698cd03644cb01ce, type: 3}
      propertyPath: m_AnchorMin.x
      value: 0
      objectReference: {fileID: 0}
    - target: {fileID: 8727981116684896353, guid: 005af990cd96cb64698cd03644cb01ce, type: 3}
      propertyPath: m_AnchorMin.y
      value: 0
      objectReference: {fileID: 0}
    - target: {fileID: 8727981116684896353, guid: 005af990cd96cb64698cd03644cb01ce, type: 3}
      propertyPath: m_SizeDelta.x
      value: 0
      objectReference: {fileID: 0}
    - target: {fileID: 8727981116684896353, guid: 005af990cd96cb64698cd03644cb01ce, type: 3}
      propertyPath: m_SizeDelta.y
      value: 0
      objectReference: {fileID: 0}
    - target: {fileID: 8727981116684896353, guid: 005af990cd96cb64698cd03644cb01ce, type: 3}
      propertyPath: m_LocalPosition.x
      value: 0
      objectReference: {fileID: 0}
    - target: {fileID: 8727981116684896353, guid: 005af990cd96cb64698cd03644cb01ce, type: 3}
      propertyPath: m_LocalPosition.y
      value: 0
      objectReference: {fileID: 0}
    - target: {fileID: 8727981116684896353, guid: 005af990cd96cb64698cd03644cb01ce, type: 3}
      propertyPath: m_LocalPosition.z
      value: 0
      objectReference: {fileID: 0}
    - target: {fileID: 8727981116684896353, guid: 005af990cd96cb64698cd03644cb01ce, type: 3}
      propertyPath: m_LocalRotation.w
      value: 1
      objectReference: {fileID: 0}
    - target: {fileID: 8727981116684896353, guid: 005af990cd96cb64698cd03644cb01ce, type: 3}
      propertyPath: m_LocalRotation.x
      value: 0
      objectReference: {fileID: 0}
    - target: {fileID: 8727981116684896353, guid: 005af990cd96cb64698cd03644cb01ce, type: 3}
      propertyPath: m_LocalRotation.y
      value: 0
      objectReference: {fileID: 0}
    - target: {fileID: 8727981116684896353, guid: 005af990cd96cb64698cd03644cb01ce, type: 3}
      propertyPath: m_LocalRotation.z
      value: 0
      objectReference: {fileID: 0}
    - target: {fileID: 8727981116684896353, guid: 005af990cd96cb64698cd03644cb01ce, type: 3}
      propertyPath: m_AnchoredPosition.x
      value: 0
      objectReference: {fileID: 0}
    - target: {fileID: 8727981116684896353, guid: 005af990cd96cb64698cd03644cb01ce, type: 3}
      propertyPath: m_AnchoredPosition.y
      value: 0
      objectReference: {fileID: 0}
    - target: {fileID: 8727981116684896353, guid: 005af990cd96cb64698cd03644cb01ce, type: 3}
      propertyPath: m_LocalEulerAnglesHint.x
      value: 0
      objectReference: {fileID: 0}
    - target: {fileID: 8727981116684896353, guid: 005af990cd96cb64698cd03644cb01ce, type: 3}
      propertyPath: m_LocalEulerAnglesHint.y
      value: 0
      objectReference: {fileID: 0}
    - target: {fileID: 8727981116684896353, guid: 005af990cd96cb64698cd03644cb01ce, type: 3}
      propertyPath: m_LocalEulerAnglesHint.z
      value: 0
      objectReference: {fileID: 0}
    m_RemovedComponents: []
  m_SourcePrefab: {fileID: 100100000, guid: 005af990cd96cb64698cd03644cb01ce, type: 3}
--- !u!224 &5135398256910494045 stripped
RectTransform:
  m_CorrespondingSourceObject: {fileID: 8727981116684896353, guid: 005af990cd96cb64698cd03644cb01ce, type: 3}
  m_PrefabInstance: {fileID: 4495891039950561596}
  m_PrefabAsset: {fileID: 0}
--- !u!1001 &4495891040215837695
PrefabInstance:
  m_ObjectHideFlags: 0
  serializedVersion: 2
  m_Modification:
    m_TransformParent: {fileID: 4495891041193587516}
    m_Modifications:
    - target: {fileID: 3685896960962522006, guid: 005af990cd96cb64698cd03644cb01ce, type: 3}
      propertyPath: m_Name
      value: Item Slot (7)
      objectReference: {fileID: 0}
    - target: {fileID: 8415193121016240758, guid: 005af990cd96cb64698cd03644cb01ce, type: 3}
      propertyPath: m_Sprite
      value: 
      objectReference: {fileID: 21300000, guid: d908adef14ad98741aaa0bd3644c83c4, type: 3}
    - target: {fileID: 8415193121016240758, guid: 005af990cd96cb64698cd03644cb01ce, type: 3}
      propertyPath: m_Color.a
      value: 0
      objectReference: {fileID: 0}
    - target: {fileID: 8415193121016240758, guid: 005af990cd96cb64698cd03644cb01ce, type: 3}
      propertyPath: m_Enabled
      value: 1
      objectReference: {fileID: 0}
    - target: {fileID: 8727981116684896353, guid: 005af990cd96cb64698cd03644cb01ce, type: 3}
      propertyPath: m_Pivot.x
      value: 0.5
      objectReference: {fileID: 0}
    - target: {fileID: 8727981116684896353, guid: 005af990cd96cb64698cd03644cb01ce, type: 3}
      propertyPath: m_Pivot.y
      value: 0.5
      objectReference: {fileID: 0}
    - target: {fileID: 8727981116684896353, guid: 005af990cd96cb64698cd03644cb01ce, type: 3}
      propertyPath: m_RootOrder
      value: 6
      objectReference: {fileID: 0}
    - target: {fileID: 8727981116684896353, guid: 005af990cd96cb64698cd03644cb01ce, type: 3}
      propertyPath: m_AnchorMax.x
      value: 0
      objectReference: {fileID: 0}
    - target: {fileID: 8727981116684896353, guid: 005af990cd96cb64698cd03644cb01ce, type: 3}
      propertyPath: m_AnchorMax.y
      value: 0
      objectReference: {fileID: 0}
    - target: {fileID: 8727981116684896353, guid: 005af990cd96cb64698cd03644cb01ce, type: 3}
      propertyPath: m_AnchorMin.x
      value: 0
      objectReference: {fileID: 0}
    - target: {fileID: 8727981116684896353, guid: 005af990cd96cb64698cd03644cb01ce, type: 3}
      propertyPath: m_AnchorMin.y
      value: 0
      objectReference: {fileID: 0}
    - target: {fileID: 8727981116684896353, guid: 005af990cd96cb64698cd03644cb01ce, type: 3}
      propertyPath: m_SizeDelta.x
      value: 0
      objectReference: {fileID: 0}
    - target: {fileID: 8727981116684896353, guid: 005af990cd96cb64698cd03644cb01ce, type: 3}
      propertyPath: m_SizeDelta.y
      value: 0
      objectReference: {fileID: 0}
    - target: {fileID: 8727981116684896353, guid: 005af990cd96cb64698cd03644cb01ce, type: 3}
      propertyPath: m_LocalPosition.x
      value: 0
      objectReference: {fileID: 0}
    - target: {fileID: 8727981116684896353, guid: 005af990cd96cb64698cd03644cb01ce, type: 3}
      propertyPath: m_LocalPosition.y
      value: 0
      objectReference: {fileID: 0}
    - target: {fileID: 8727981116684896353, guid: 005af990cd96cb64698cd03644cb01ce, type: 3}
      propertyPath: m_LocalPosition.z
      value: 0
      objectReference: {fileID: 0}
    - target: {fileID: 8727981116684896353, guid: 005af990cd96cb64698cd03644cb01ce, type: 3}
      propertyPath: m_LocalRotation.w
      value: 1
      objectReference: {fileID: 0}
    - target: {fileID: 8727981116684896353, guid: 005af990cd96cb64698cd03644cb01ce, type: 3}
      propertyPath: m_LocalRotation.x
      value: 0
      objectReference: {fileID: 0}
    - target: {fileID: 8727981116684896353, guid: 005af990cd96cb64698cd03644cb01ce, type: 3}
      propertyPath: m_LocalRotation.y
      value: 0
      objectReference: {fileID: 0}
    - target: {fileID: 8727981116684896353, guid: 005af990cd96cb64698cd03644cb01ce, type: 3}
      propertyPath: m_LocalRotation.z
      value: 0
      objectReference: {fileID: 0}
    - target: {fileID: 8727981116684896353, guid: 005af990cd96cb64698cd03644cb01ce, type: 3}
      propertyPath: m_AnchoredPosition.x
      value: 0
      objectReference: {fileID: 0}
    - target: {fileID: 8727981116684896353, guid: 005af990cd96cb64698cd03644cb01ce, type: 3}
      propertyPath: m_AnchoredPosition.y
      value: 0
      objectReference: {fileID: 0}
    - target: {fileID: 8727981116684896353, guid: 005af990cd96cb64698cd03644cb01ce, type: 3}
      propertyPath: m_LocalEulerAnglesHint.x
      value: 0
      objectReference: {fileID: 0}
    - target: {fileID: 8727981116684896353, guid: 005af990cd96cb64698cd03644cb01ce, type: 3}
      propertyPath: m_LocalEulerAnglesHint.y
      value: 0
      objectReference: {fileID: 0}
    - target: {fileID: 8727981116684896353, guid: 005af990cd96cb64698cd03644cb01ce, type: 3}
      propertyPath: m_LocalEulerAnglesHint.z
      value: 0
      objectReference: {fileID: 0}
    m_RemovedComponents: []
  m_SourcePrefab: {fileID: 100100000, guid: 005af990cd96cb64698cd03644cb01ce, type: 3}
--- !u!224 &5135398256632603550 stripped
RectTransform:
  m_CorrespondingSourceObject: {fileID: 8727981116684896353, guid: 005af990cd96cb64698cd03644cb01ce, type: 3}
  m_PrefabInstance: {fileID: 4495891040215837695}
  m_PrefabAsset: {fileID: 0}
--- !u!1001 &4495891040286752915
PrefabInstance:
  m_ObjectHideFlags: 0
  serializedVersion: 2
  m_Modification:
    m_TransformParent: {fileID: 4495891041193587516}
    m_Modifications:
    - target: {fileID: 3685896960962522006, guid: 005af990cd96cb64698cd03644cb01ce, type: 3}
      propertyPath: m_Name
      value: Item Slot (3)
      objectReference: {fileID: 0}
    - target: {fileID: 8415193121016240758, guid: 005af990cd96cb64698cd03644cb01ce, type: 3}
      propertyPath: m_Sprite
      value: 
      objectReference: {fileID: 21300000, guid: d908adef14ad98741aaa0bd3644c83c4, type: 3}
    - target: {fileID: 8415193121016240758, guid: 005af990cd96cb64698cd03644cb01ce, type: 3}
      propertyPath: m_Color.a
      value: 0
      objectReference: {fileID: 0}
    - target: {fileID: 8415193121016240758, guid: 005af990cd96cb64698cd03644cb01ce, type: 3}
      propertyPath: m_Enabled
      value: 1
      objectReference: {fileID: 0}
    - target: {fileID: 8727981116684896353, guid: 005af990cd96cb64698cd03644cb01ce, type: 3}
      propertyPath: m_Pivot.x
      value: 0.5
      objectReference: {fileID: 0}
    - target: {fileID: 8727981116684896353, guid: 005af990cd96cb64698cd03644cb01ce, type: 3}
      propertyPath: m_Pivot.y
      value: 0.5
      objectReference: {fileID: 0}
    - target: {fileID: 8727981116684896353, guid: 005af990cd96cb64698cd03644cb01ce, type: 3}
      propertyPath: m_RootOrder
      value: 2
      objectReference: {fileID: 0}
    - target: {fileID: 8727981116684896353, guid: 005af990cd96cb64698cd03644cb01ce, type: 3}
      propertyPath: m_AnchorMax.x
      value: 0
      objectReference: {fileID: 0}
    - target: {fileID: 8727981116684896353, guid: 005af990cd96cb64698cd03644cb01ce, type: 3}
      propertyPath: m_AnchorMax.y
      value: 0
      objectReference: {fileID: 0}
    - target: {fileID: 8727981116684896353, guid: 005af990cd96cb64698cd03644cb01ce, type: 3}
      propertyPath: m_AnchorMin.x
      value: 0
      objectReference: {fileID: 0}
    - target: {fileID: 8727981116684896353, guid: 005af990cd96cb64698cd03644cb01ce, type: 3}
      propertyPath: m_AnchorMin.y
      value: 0
      objectReference: {fileID: 0}
    - target: {fileID: 8727981116684896353, guid: 005af990cd96cb64698cd03644cb01ce, type: 3}
      propertyPath: m_SizeDelta.x
      value: 0
      objectReference: {fileID: 0}
    - target: {fileID: 8727981116684896353, guid: 005af990cd96cb64698cd03644cb01ce, type: 3}
      propertyPath: m_SizeDelta.y
      value: 0
      objectReference: {fileID: 0}
    - target: {fileID: 8727981116684896353, guid: 005af990cd96cb64698cd03644cb01ce, type: 3}
      propertyPath: m_LocalPosition.x
      value: 0
      objectReference: {fileID: 0}
    - target: {fileID: 8727981116684896353, guid: 005af990cd96cb64698cd03644cb01ce, type: 3}
      propertyPath: m_LocalPosition.y
      value: 0
      objectReference: {fileID: 0}
    - target: {fileID: 8727981116684896353, guid: 005af990cd96cb64698cd03644cb01ce, type: 3}
      propertyPath: m_LocalPosition.z
      value: 0
      objectReference: {fileID: 0}
    - target: {fileID: 8727981116684896353, guid: 005af990cd96cb64698cd03644cb01ce, type: 3}
      propertyPath: m_LocalRotation.w
      value: 1
      objectReference: {fileID: 0}
    - target: {fileID: 8727981116684896353, guid: 005af990cd96cb64698cd03644cb01ce, type: 3}
      propertyPath: m_LocalRotation.x
      value: 0
      objectReference: {fileID: 0}
    - target: {fileID: 8727981116684896353, guid: 005af990cd96cb64698cd03644cb01ce, type: 3}
      propertyPath: m_LocalRotation.y
      value: 0
      objectReference: {fileID: 0}
    - target: {fileID: 8727981116684896353, guid: 005af990cd96cb64698cd03644cb01ce, type: 3}
      propertyPath: m_LocalRotation.z
      value: 0
      objectReference: {fileID: 0}
    - target: {fileID: 8727981116684896353, guid: 005af990cd96cb64698cd03644cb01ce, type: 3}
      propertyPath: m_AnchoredPosition.x
      value: 0
      objectReference: {fileID: 0}
    - target: {fileID: 8727981116684896353, guid: 005af990cd96cb64698cd03644cb01ce, type: 3}
      propertyPath: m_AnchoredPosition.y
      value: 0
      objectReference: {fileID: 0}
    - target: {fileID: 8727981116684896353, guid: 005af990cd96cb64698cd03644cb01ce, type: 3}
      propertyPath: m_LocalEulerAnglesHint.x
      value: 0
      objectReference: {fileID: 0}
    - target: {fileID: 8727981116684896353, guid: 005af990cd96cb64698cd03644cb01ce, type: 3}
      propertyPath: m_LocalEulerAnglesHint.y
      value: 0
      objectReference: {fileID: 0}
    - target: {fileID: 8727981116684896353, guid: 005af990cd96cb64698cd03644cb01ce, type: 3}
      propertyPath: m_LocalEulerAnglesHint.z
      value: 0
      objectReference: {fileID: 0}
    m_RemovedComponents: []
  m_SourcePrefab: {fileID: 100100000, guid: 005af990cd96cb64698cd03644cb01ce, type: 3}
--- !u!224 &5135398256711649522 stripped
RectTransform:
  m_CorrespondingSourceObject: {fileID: 8727981116684896353, guid: 005af990cd96cb64698cd03644cb01ce, type: 3}
  m_PrefabInstance: {fileID: 4495891040286752915}
  m_PrefabAsset: {fileID: 0}
--- !u!1001 &4495891040291015667
PrefabInstance:
  m_ObjectHideFlags: 0
  serializedVersion: 2
  m_Modification:
    m_TransformParent: {fileID: 4495891041193587516}
    m_Modifications:
    - target: {fileID: 3685896960962522006, guid: 005af990cd96cb64698cd03644cb01ce, type: 3}
      propertyPath: m_Name
      value: Item Slot (8)
      objectReference: {fileID: 0}
    - target: {fileID: 8415193121016240758, guid: 005af990cd96cb64698cd03644cb01ce, type: 3}
      propertyPath: m_Sprite
      value: 
      objectReference: {fileID: 21300000, guid: d908adef14ad98741aaa0bd3644c83c4, type: 3}
    - target: {fileID: 8415193121016240758, guid: 005af990cd96cb64698cd03644cb01ce, type: 3}
      propertyPath: m_Color.a
      value: 0
      objectReference: {fileID: 0}
    - target: {fileID: 8415193121016240758, guid: 005af990cd96cb64698cd03644cb01ce, type: 3}
      propertyPath: m_Enabled
      value: 1
      objectReference: {fileID: 0}
    - target: {fileID: 8727981116684896353, guid: 005af990cd96cb64698cd03644cb01ce, type: 3}
      propertyPath: m_Pivot.x
      value: 0.5
      objectReference: {fileID: 0}
    - target: {fileID: 8727981116684896353, guid: 005af990cd96cb64698cd03644cb01ce, type: 3}
      propertyPath: m_Pivot.y
      value: 0.5
      objectReference: {fileID: 0}
    - target: {fileID: 8727981116684896353, guid: 005af990cd96cb64698cd03644cb01ce, type: 3}
      propertyPath: m_RootOrder
      value: 7
      objectReference: {fileID: 0}
    - target: {fileID: 8727981116684896353, guid: 005af990cd96cb64698cd03644cb01ce, type: 3}
      propertyPath: m_AnchorMax.x
      value: 0
      objectReference: {fileID: 0}
    - target: {fileID: 8727981116684896353, guid: 005af990cd96cb64698cd03644cb01ce, type: 3}
      propertyPath: m_AnchorMax.y
      value: 0
      objectReference: {fileID: 0}
    - target: {fileID: 8727981116684896353, guid: 005af990cd96cb64698cd03644cb01ce, type: 3}
      propertyPath: m_AnchorMin.x
      value: 0
      objectReference: {fileID: 0}
    - target: {fileID: 8727981116684896353, guid: 005af990cd96cb64698cd03644cb01ce, type: 3}
      propertyPath: m_AnchorMin.y
      value: 0
      objectReference: {fileID: 0}
    - target: {fileID: 8727981116684896353, guid: 005af990cd96cb64698cd03644cb01ce, type: 3}
      propertyPath: m_SizeDelta.x
      value: 0
      objectReference: {fileID: 0}
    - target: {fileID: 8727981116684896353, guid: 005af990cd96cb64698cd03644cb01ce, type: 3}
      propertyPath: m_SizeDelta.y
      value: 0
      objectReference: {fileID: 0}
    - target: {fileID: 8727981116684896353, guid: 005af990cd96cb64698cd03644cb01ce, type: 3}
      propertyPath: m_LocalPosition.x
      value: 0
      objectReference: {fileID: 0}
    - target: {fileID: 8727981116684896353, guid: 005af990cd96cb64698cd03644cb01ce, type: 3}
      propertyPath: m_LocalPosition.y
      value: 0
      objectReference: {fileID: 0}
    - target: {fileID: 8727981116684896353, guid: 005af990cd96cb64698cd03644cb01ce, type: 3}
      propertyPath: m_LocalPosition.z
      value: 0
      objectReference: {fileID: 0}
    - target: {fileID: 8727981116684896353, guid: 005af990cd96cb64698cd03644cb01ce, type: 3}
      propertyPath: m_LocalRotation.w
      value: 1
      objectReference: {fileID: 0}
    - target: {fileID: 8727981116684896353, guid: 005af990cd96cb64698cd03644cb01ce, type: 3}
      propertyPath: m_LocalRotation.x
      value: 0
      objectReference: {fileID: 0}
    - target: {fileID: 8727981116684896353, guid: 005af990cd96cb64698cd03644cb01ce, type: 3}
      propertyPath: m_LocalRotation.y
      value: 0
      objectReference: {fileID: 0}
    - target: {fileID: 8727981116684896353, guid: 005af990cd96cb64698cd03644cb01ce, type: 3}
      propertyPath: m_LocalRotation.z
      value: 0
      objectReference: {fileID: 0}
    - target: {fileID: 8727981116684896353, guid: 005af990cd96cb64698cd03644cb01ce, type: 3}
      propertyPath: m_AnchoredPosition.x
      value: 0
      objectReference: {fileID: 0}
    - target: {fileID: 8727981116684896353, guid: 005af990cd96cb64698cd03644cb01ce, type: 3}
      propertyPath: m_AnchoredPosition.y
      value: 0
      objectReference: {fileID: 0}
    - target: {fileID: 8727981116684896353, guid: 005af990cd96cb64698cd03644cb01ce, type: 3}
      propertyPath: m_LocalEulerAnglesHint.x
      value: 0
      objectReference: {fileID: 0}
    - target: {fileID: 8727981116684896353, guid: 005af990cd96cb64698cd03644cb01ce, type: 3}
      propertyPath: m_LocalEulerAnglesHint.y
      value: 0
      objectReference: {fileID: 0}
    - target: {fileID: 8727981116684896353, guid: 005af990cd96cb64698cd03644cb01ce, type: 3}
      propertyPath: m_LocalEulerAnglesHint.z
      value: 0
      objectReference: {fileID: 0}
    m_RemovedComponents: []
  m_SourcePrefab: {fileID: 100100000, guid: 005af990cd96cb64698cd03644cb01ce, type: 3}
--- !u!224 &5135398256707781522 stripped
RectTransform:
  m_CorrespondingSourceObject: {fileID: 8727981116684896353, guid: 005af990cd96cb64698cd03644cb01ce, type: 3}
  m_PrefabInstance: {fileID: 4495891040291015667}
  m_PrefabAsset: {fileID: 0}
--- !u!1001 &4495891040383497305
PrefabInstance:
  m_ObjectHideFlags: 0
  serializedVersion: 2
  m_Modification:
    m_TransformParent: {fileID: 4495891041193587516}
    m_Modifications:
    - target: {fileID: 3685896960962522006, guid: 005af990cd96cb64698cd03644cb01ce, type: 3}
      propertyPath: m_Name
      value: Item Slot (13)
      objectReference: {fileID: 0}
    - target: {fileID: 8415193121016240758, guid: 005af990cd96cb64698cd03644cb01ce, type: 3}
      propertyPath: m_Sprite
      value: 
      objectReference: {fileID: 21300000, guid: d908adef14ad98741aaa0bd3644c83c4, type: 3}
    - target: {fileID: 8415193121016240758, guid: 005af990cd96cb64698cd03644cb01ce, type: 3}
      propertyPath: m_Color.a
      value: 0
      objectReference: {fileID: 0}
    - target: {fileID: 8415193121016240758, guid: 005af990cd96cb64698cd03644cb01ce, type: 3}
      propertyPath: m_Enabled
      value: 1
      objectReference: {fileID: 0}
    - target: {fileID: 8727981116684896353, guid: 005af990cd96cb64698cd03644cb01ce, type: 3}
      propertyPath: m_Pivot.x
      value: 0.5
      objectReference: {fileID: 0}
    - target: {fileID: 8727981116684896353, guid: 005af990cd96cb64698cd03644cb01ce, type: 3}
      propertyPath: m_Pivot.y
      value: 0.5
      objectReference: {fileID: 0}
    - target: {fileID: 8727981116684896353, guid: 005af990cd96cb64698cd03644cb01ce, type: 3}
      propertyPath: m_RootOrder
      value: 12
      objectReference: {fileID: 0}
    - target: {fileID: 8727981116684896353, guid: 005af990cd96cb64698cd03644cb01ce, type: 3}
      propertyPath: m_AnchorMax.x
      value: 0
      objectReference: {fileID: 0}
    - target: {fileID: 8727981116684896353, guid: 005af990cd96cb64698cd03644cb01ce, type: 3}
      propertyPath: m_AnchorMax.y
      value: 0
      objectReference: {fileID: 0}
    - target: {fileID: 8727981116684896353, guid: 005af990cd96cb64698cd03644cb01ce, type: 3}
      propertyPath: m_AnchorMin.x
      value: 0
      objectReference: {fileID: 0}
    - target: {fileID: 8727981116684896353, guid: 005af990cd96cb64698cd03644cb01ce, type: 3}
      propertyPath: m_AnchorMin.y
      value: 0
      objectReference: {fileID: 0}
    - target: {fileID: 8727981116684896353, guid: 005af990cd96cb64698cd03644cb01ce, type: 3}
      propertyPath: m_SizeDelta.x
      value: 0
      objectReference: {fileID: 0}
    - target: {fileID: 8727981116684896353, guid: 005af990cd96cb64698cd03644cb01ce, type: 3}
      propertyPath: m_SizeDelta.y
      value: 0
      objectReference: {fileID: 0}
    - target: {fileID: 8727981116684896353, guid: 005af990cd96cb64698cd03644cb01ce, type: 3}
      propertyPath: m_LocalPosition.x
      value: 0
      objectReference: {fileID: 0}
    - target: {fileID: 8727981116684896353, guid: 005af990cd96cb64698cd03644cb01ce, type: 3}
      propertyPath: m_LocalPosition.y
      value: 0
      objectReference: {fileID: 0}
    - target: {fileID: 8727981116684896353, guid: 005af990cd96cb64698cd03644cb01ce, type: 3}
      propertyPath: m_LocalPosition.z
      value: 0
      objectReference: {fileID: 0}
    - target: {fileID: 8727981116684896353, guid: 005af990cd96cb64698cd03644cb01ce, type: 3}
      propertyPath: m_LocalRotation.w
      value: 1
      objectReference: {fileID: 0}
    - target: {fileID: 8727981116684896353, guid: 005af990cd96cb64698cd03644cb01ce, type: 3}
      propertyPath: m_LocalRotation.x
      value: 0
      objectReference: {fileID: 0}
    - target: {fileID: 8727981116684896353, guid: 005af990cd96cb64698cd03644cb01ce, type: 3}
      propertyPath: m_LocalRotation.y
      value: 0
      objectReference: {fileID: 0}
    - target: {fileID: 8727981116684896353, guid: 005af990cd96cb64698cd03644cb01ce, type: 3}
      propertyPath: m_LocalRotation.z
      value: 0
      objectReference: {fileID: 0}
    - target: {fileID: 8727981116684896353, guid: 005af990cd96cb64698cd03644cb01ce, type: 3}
      propertyPath: m_AnchoredPosition.x
      value: 0
      objectReference: {fileID: 0}
    - target: {fileID: 8727981116684896353, guid: 005af990cd96cb64698cd03644cb01ce, type: 3}
      propertyPath: m_AnchoredPosition.y
      value: 0
      objectReference: {fileID: 0}
    - target: {fileID: 8727981116684896353, guid: 005af990cd96cb64698cd03644cb01ce, type: 3}
      propertyPath: m_LocalEulerAnglesHint.x
      value: 0
      objectReference: {fileID: 0}
    - target: {fileID: 8727981116684896353, guid: 005af990cd96cb64698cd03644cb01ce, type: 3}
      propertyPath: m_LocalEulerAnglesHint.y
      value: 0
      objectReference: {fileID: 0}
    - target: {fileID: 8727981116684896353, guid: 005af990cd96cb64698cd03644cb01ce, type: 3}
      propertyPath: m_LocalEulerAnglesHint.z
      value: 0
      objectReference: {fileID: 0}
    m_RemovedComponents: []
  m_SourcePrefab: {fileID: 100100000, guid: 005af990cd96cb64698cd03644cb01ce, type: 3}
--- !u!224 &5135398256732896312 stripped
RectTransform:
  m_CorrespondingSourceObject: {fileID: 8727981116684896353, guid: 005af990cd96cb64698cd03644cb01ce, type: 3}
  m_PrefabInstance: {fileID: 4495891040383497305}
  m_PrefabAsset: {fileID: 0}
--- !u!1001 &4495891040593157368
PrefabInstance:
  m_ObjectHideFlags: 0
  serializedVersion: 2
  m_Modification:
    m_TransformParent: {fileID: 4495891041193587516}
    m_Modifications:
    - target: {fileID: 3685896960962522006, guid: 005af990cd96cb64698cd03644cb01ce, type: 3}
      propertyPath: m_Name
      value: Item Slot (5)
      objectReference: {fileID: 0}
    - target: {fileID: 8415193121016240758, guid: 005af990cd96cb64698cd03644cb01ce, type: 3}
      propertyPath: m_Sprite
      value: 
      objectReference: {fileID: 21300000, guid: d908adef14ad98741aaa0bd3644c83c4, type: 3}
    - target: {fileID: 8415193121016240758, guid: 005af990cd96cb64698cd03644cb01ce, type: 3}
      propertyPath: m_Color.a
      value: 0
      objectReference: {fileID: 0}
    - target: {fileID: 8415193121016240758, guid: 005af990cd96cb64698cd03644cb01ce, type: 3}
      propertyPath: m_Enabled
      value: 1
      objectReference: {fileID: 0}
    - target: {fileID: 8727981116684896353, guid: 005af990cd96cb64698cd03644cb01ce, type: 3}
      propertyPath: m_Pivot.x
      value: 0.5
      objectReference: {fileID: 0}
    - target: {fileID: 8727981116684896353, guid: 005af990cd96cb64698cd03644cb01ce, type: 3}
      propertyPath: m_Pivot.y
      value: 0.5
      objectReference: {fileID: 0}
    - target: {fileID: 8727981116684896353, guid: 005af990cd96cb64698cd03644cb01ce, type: 3}
      propertyPath: m_RootOrder
      value: 4
      objectReference: {fileID: 0}
    - target: {fileID: 8727981116684896353, guid: 005af990cd96cb64698cd03644cb01ce, type: 3}
      propertyPath: m_AnchorMax.x
      value: 0
      objectReference: {fileID: 0}
    - target: {fileID: 8727981116684896353, guid: 005af990cd96cb64698cd03644cb01ce, type: 3}
      propertyPath: m_AnchorMax.y
      value: 0
      objectReference: {fileID: 0}
    - target: {fileID: 8727981116684896353, guid: 005af990cd96cb64698cd03644cb01ce, type: 3}
      propertyPath: m_AnchorMin.x
      value: 0
      objectReference: {fileID: 0}
    - target: {fileID: 8727981116684896353, guid: 005af990cd96cb64698cd03644cb01ce, type: 3}
      propertyPath: m_AnchorMin.y
      value: 0
      objectReference: {fileID: 0}
    - target: {fileID: 8727981116684896353, guid: 005af990cd96cb64698cd03644cb01ce, type: 3}
      propertyPath: m_SizeDelta.x
      value: 0
      objectReference: {fileID: 0}
    - target: {fileID: 8727981116684896353, guid: 005af990cd96cb64698cd03644cb01ce, type: 3}
      propertyPath: m_SizeDelta.y
      value: 0
      objectReference: {fileID: 0}
    - target: {fileID: 8727981116684896353, guid: 005af990cd96cb64698cd03644cb01ce, type: 3}
      propertyPath: m_LocalPosition.x
      value: 0
      objectReference: {fileID: 0}
    - target: {fileID: 8727981116684896353, guid: 005af990cd96cb64698cd03644cb01ce, type: 3}
      propertyPath: m_LocalPosition.y
      value: 0
      objectReference: {fileID: 0}
    - target: {fileID: 8727981116684896353, guid: 005af990cd96cb64698cd03644cb01ce, type: 3}
      propertyPath: m_LocalPosition.z
      value: 0
      objectReference: {fileID: 0}
    - target: {fileID: 8727981116684896353, guid: 005af990cd96cb64698cd03644cb01ce, type: 3}
      propertyPath: m_LocalRotation.w
      value: 1
      objectReference: {fileID: 0}
    - target: {fileID: 8727981116684896353, guid: 005af990cd96cb64698cd03644cb01ce, type: 3}
      propertyPath: m_LocalRotation.x
      value: 0
      objectReference: {fileID: 0}
    - target: {fileID: 8727981116684896353, guid: 005af990cd96cb64698cd03644cb01ce, type: 3}
      propertyPath: m_LocalRotation.y
      value: 0
      objectReference: {fileID: 0}
    - target: {fileID: 8727981116684896353, guid: 005af990cd96cb64698cd03644cb01ce, type: 3}
      propertyPath: m_LocalRotation.z
      value: 0
      objectReference: {fileID: 0}
    - target: {fileID: 8727981116684896353, guid: 005af990cd96cb64698cd03644cb01ce, type: 3}
      propertyPath: m_AnchoredPosition.x
      value: 0
      objectReference: {fileID: 0}
    - target: {fileID: 8727981116684896353, guid: 005af990cd96cb64698cd03644cb01ce, type: 3}
      propertyPath: m_AnchoredPosition.y
      value: 0
      objectReference: {fileID: 0}
    - target: {fileID: 8727981116684896353, guid: 005af990cd96cb64698cd03644cb01ce, type: 3}
      propertyPath: m_LocalEulerAnglesHint.x
      value: 0
      objectReference: {fileID: 0}
    - target: {fileID: 8727981116684896353, guid: 005af990cd96cb64698cd03644cb01ce, type: 3}
      propertyPath: m_LocalEulerAnglesHint.y
      value: 0
      objectReference: {fileID: 0}
    - target: {fileID: 8727981116684896353, guid: 005af990cd96cb64698cd03644cb01ce, type: 3}
      propertyPath: m_LocalEulerAnglesHint.z
      value: 0
      objectReference: {fileID: 0}
    m_RemovedComponents: []
  m_SourcePrefab: {fileID: 100100000, guid: 005af990cd96cb64698cd03644cb01ce, type: 3}
--- !u!224 &5135398258553164953 stripped
RectTransform:
  m_CorrespondingSourceObject: {fileID: 8727981116684896353, guid: 005af990cd96cb64698cd03644cb01ce, type: 3}
  m_PrefabInstance: {fileID: 4495891040593157368}
  m_PrefabAsset: {fileID: 0}
--- !u!1001 &4495891040667458077
PrefabInstance:
  m_ObjectHideFlags: 0
  serializedVersion: 2
  m_Modification:
    m_TransformParent: {fileID: 4495891041193587516}
    m_Modifications:
    - target: {fileID: 3685896960962522006, guid: 005af990cd96cb64698cd03644cb01ce, type: 3}
      propertyPath: m_Name
      value: Item Slot (9)
      objectReference: {fileID: 0}
    - target: {fileID: 8415193121016240758, guid: 005af990cd96cb64698cd03644cb01ce, type: 3}
      propertyPath: m_Sprite
      value: 
      objectReference: {fileID: 21300000, guid: d908adef14ad98741aaa0bd3644c83c4, type: 3}
    - target: {fileID: 8415193121016240758, guid: 005af990cd96cb64698cd03644cb01ce, type: 3}
      propertyPath: m_Color.a
      value: 0
      objectReference: {fileID: 0}
    - target: {fileID: 8415193121016240758, guid: 005af990cd96cb64698cd03644cb01ce, type: 3}
      propertyPath: m_Enabled
      value: 1
      objectReference: {fileID: 0}
    - target: {fileID: 8727981116684896353, guid: 005af990cd96cb64698cd03644cb01ce, type: 3}
      propertyPath: m_Pivot.x
      value: 0.5
      objectReference: {fileID: 0}
    - target: {fileID: 8727981116684896353, guid: 005af990cd96cb64698cd03644cb01ce, type: 3}
      propertyPath: m_Pivot.y
      value: 0.5
      objectReference: {fileID: 0}
    - target: {fileID: 8727981116684896353, guid: 005af990cd96cb64698cd03644cb01ce, type: 3}
      propertyPath: m_RootOrder
      value: 8
      objectReference: {fileID: 0}
    - target: {fileID: 8727981116684896353, guid: 005af990cd96cb64698cd03644cb01ce, type: 3}
      propertyPath: m_AnchorMax.x
      value: 0
      objectReference: {fileID: 0}
    - target: {fileID: 8727981116684896353, guid: 005af990cd96cb64698cd03644cb01ce, type: 3}
      propertyPath: m_AnchorMax.y
      value: 0
      objectReference: {fileID: 0}
    - target: {fileID: 8727981116684896353, guid: 005af990cd96cb64698cd03644cb01ce, type: 3}
      propertyPath: m_AnchorMin.x
      value: 0
      objectReference: {fileID: 0}
    - target: {fileID: 8727981116684896353, guid: 005af990cd96cb64698cd03644cb01ce, type: 3}
      propertyPath: m_AnchorMin.y
      value: 0
      objectReference: {fileID: 0}
    - target: {fileID: 8727981116684896353, guid: 005af990cd96cb64698cd03644cb01ce, type: 3}
      propertyPath: m_SizeDelta.x
      value: 0
      objectReference: {fileID: 0}
    - target: {fileID: 8727981116684896353, guid: 005af990cd96cb64698cd03644cb01ce, type: 3}
      propertyPath: m_SizeDelta.y
      value: 0
      objectReference: {fileID: 0}
    - target: {fileID: 8727981116684896353, guid: 005af990cd96cb64698cd03644cb01ce, type: 3}
      propertyPath: m_LocalPosition.x
      value: 0
      objectReference: {fileID: 0}
    - target: {fileID: 8727981116684896353, guid: 005af990cd96cb64698cd03644cb01ce, type: 3}
      propertyPath: m_LocalPosition.y
      value: 0
      objectReference: {fileID: 0}
    - target: {fileID: 8727981116684896353, guid: 005af990cd96cb64698cd03644cb01ce, type: 3}
      propertyPath: m_LocalPosition.z
      value: 0
      objectReference: {fileID: 0}
    - target: {fileID: 8727981116684896353, guid: 005af990cd96cb64698cd03644cb01ce, type: 3}
      propertyPath: m_LocalRotation.w
      value: 1
      objectReference: {fileID: 0}
    - target: {fileID: 8727981116684896353, guid: 005af990cd96cb64698cd03644cb01ce, type: 3}
      propertyPath: m_LocalRotation.x
      value: 0
      objectReference: {fileID: 0}
    - target: {fileID: 8727981116684896353, guid: 005af990cd96cb64698cd03644cb01ce, type: 3}
      propertyPath: m_LocalRotation.y
      value: 0
      objectReference: {fileID: 0}
    - target: {fileID: 8727981116684896353, guid: 005af990cd96cb64698cd03644cb01ce, type: 3}
      propertyPath: m_LocalRotation.z
      value: 0
      objectReference: {fileID: 0}
    - target: {fileID: 8727981116684896353, guid: 005af990cd96cb64698cd03644cb01ce, type: 3}
      propertyPath: m_AnchoredPosition.x
      value: 0
      objectReference: {fileID: 0}
    - target: {fileID: 8727981116684896353, guid: 005af990cd96cb64698cd03644cb01ce, type: 3}
      propertyPath: m_AnchoredPosition.y
      value: 0
      objectReference: {fileID: 0}
    - target: {fileID: 8727981116684896353, guid: 005af990cd96cb64698cd03644cb01ce, type: 3}
      propertyPath: m_LocalEulerAnglesHint.x
      value: 0
      objectReference: {fileID: 0}
    - target: {fileID: 8727981116684896353, guid: 005af990cd96cb64698cd03644cb01ce, type: 3}
      propertyPath: m_LocalEulerAnglesHint.y
      value: 0
      objectReference: {fileID: 0}
    - target: {fileID: 8727981116684896353, guid: 005af990cd96cb64698cd03644cb01ce, type: 3}
      propertyPath: m_LocalEulerAnglesHint.z
      value: 0
      objectReference: {fileID: 0}
    m_RemovedComponents: []
  m_SourcePrefab: {fileID: 100100000, guid: 005af990cd96cb64698cd03644cb01ce, type: 3}
--- !u!224 &5135398258625630844 stripped
RectTransform:
  m_CorrespondingSourceObject: {fileID: 8727981116684896353, guid: 005af990cd96cb64698cd03644cb01ce, type: 3}
  m_PrefabInstance: {fileID: 4495891040667458077}
  m_PrefabAsset: {fileID: 0}
--- !u!1001 &4495891040724932130
PrefabInstance:
  m_ObjectHideFlags: 0
  serializedVersion: 2
  m_Modification:
    m_TransformParent: {fileID: 4495891041193587516}
    m_Modifications:
    - target: {fileID: 3685896960962522006, guid: 005af990cd96cb64698cd03644cb01ce, type: 3}
      propertyPath: m_Name
      value: Item Slot (12)
      objectReference: {fileID: 0}
    - target: {fileID: 8415193121016240758, guid: 005af990cd96cb64698cd03644cb01ce, type: 3}
      propertyPath: m_Sprite
      value: 
      objectReference: {fileID: 21300000, guid: d908adef14ad98741aaa0bd3644c83c4, type: 3}
    - target: {fileID: 8415193121016240758, guid: 005af990cd96cb64698cd03644cb01ce, type: 3}
      propertyPath: m_Color.a
      value: 0
      objectReference: {fileID: 0}
    - target: {fileID: 8415193121016240758, guid: 005af990cd96cb64698cd03644cb01ce, type: 3}
      propertyPath: m_Enabled
      value: 1
      objectReference: {fileID: 0}
    - target: {fileID: 8727981116684896353, guid: 005af990cd96cb64698cd03644cb01ce, type: 3}
      propertyPath: m_Pivot.x
      value: 0.5
      objectReference: {fileID: 0}
    - target: {fileID: 8727981116684896353, guid: 005af990cd96cb64698cd03644cb01ce, type: 3}
      propertyPath: m_Pivot.y
      value: 0.5
      objectReference: {fileID: 0}
    - target: {fileID: 8727981116684896353, guid: 005af990cd96cb64698cd03644cb01ce, type: 3}
      propertyPath: m_RootOrder
      value: 11
      objectReference: {fileID: 0}
    - target: {fileID: 8727981116684896353, guid: 005af990cd96cb64698cd03644cb01ce, type: 3}
      propertyPath: m_AnchorMax.x
      value: 0
      objectReference: {fileID: 0}
    - target: {fileID: 8727981116684896353, guid: 005af990cd96cb64698cd03644cb01ce, type: 3}
      propertyPath: m_AnchorMax.y
      value: 0
      objectReference: {fileID: 0}
    - target: {fileID: 8727981116684896353, guid: 005af990cd96cb64698cd03644cb01ce, type: 3}
      propertyPath: m_AnchorMin.x
      value: 0
      objectReference: {fileID: 0}
    - target: {fileID: 8727981116684896353, guid: 005af990cd96cb64698cd03644cb01ce, type: 3}
      propertyPath: m_AnchorMin.y
      value: 0
      objectReference: {fileID: 0}
    - target: {fileID: 8727981116684896353, guid: 005af990cd96cb64698cd03644cb01ce, type: 3}
      propertyPath: m_SizeDelta.x
      value: 0
      objectReference: {fileID: 0}
    - target: {fileID: 8727981116684896353, guid: 005af990cd96cb64698cd03644cb01ce, type: 3}
      propertyPath: m_SizeDelta.y
      value: 0
      objectReference: {fileID: 0}
    - target: {fileID: 8727981116684896353, guid: 005af990cd96cb64698cd03644cb01ce, type: 3}
      propertyPath: m_LocalPosition.x
      value: 0
      objectReference: {fileID: 0}
    - target: {fileID: 8727981116684896353, guid: 005af990cd96cb64698cd03644cb01ce, type: 3}
      propertyPath: m_LocalPosition.y
      value: 0
      objectReference: {fileID: 0}
    - target: {fileID: 8727981116684896353, guid: 005af990cd96cb64698cd03644cb01ce, type: 3}
      propertyPath: m_LocalPosition.z
      value: 0
      objectReference: {fileID: 0}
    - target: {fileID: 8727981116684896353, guid: 005af990cd96cb64698cd03644cb01ce, type: 3}
      propertyPath: m_LocalRotation.w
      value: 1
      objectReference: {fileID: 0}
    - target: {fileID: 8727981116684896353, guid: 005af990cd96cb64698cd03644cb01ce, type: 3}
      propertyPath: m_LocalRotation.x
      value: 0
      objectReference: {fileID: 0}
    - target: {fileID: 8727981116684896353, guid: 005af990cd96cb64698cd03644cb01ce, type: 3}
      propertyPath: m_LocalRotation.y
      value: 0
      objectReference: {fileID: 0}
    - target: {fileID: 8727981116684896353, guid: 005af990cd96cb64698cd03644cb01ce, type: 3}
      propertyPath: m_LocalRotation.z
      value: 0
      objectReference: {fileID: 0}
    - target: {fileID: 8727981116684896353, guid: 005af990cd96cb64698cd03644cb01ce, type: 3}
      propertyPath: m_AnchoredPosition.x
      value: 0
      objectReference: {fileID: 0}
    - target: {fileID: 8727981116684896353, guid: 005af990cd96cb64698cd03644cb01ce, type: 3}
      propertyPath: m_AnchoredPosition.y
      value: 0
      objectReference: {fileID: 0}
    - target: {fileID: 8727981116684896353, guid: 005af990cd96cb64698cd03644cb01ce, type: 3}
      propertyPath: m_LocalEulerAnglesHint.x
      value: 0
      objectReference: {fileID: 0}
    - target: {fileID: 8727981116684896353, guid: 005af990cd96cb64698cd03644cb01ce, type: 3}
      propertyPath: m_LocalEulerAnglesHint.y
      value: 0
      objectReference: {fileID: 0}
    - target: {fileID: 8727981116684896353, guid: 005af990cd96cb64698cd03644cb01ce, type: 3}
      propertyPath: m_LocalEulerAnglesHint.z
      value: 0
      objectReference: {fileID: 0}
    m_RemovedComponents: []
  m_SourcePrefab: {fileID: 100100000, guid: 005af990cd96cb64698cd03644cb01ce, type: 3}
--- !u!224 &5135398258685206083 stripped
RectTransform:
  m_CorrespondingSourceObject: {fileID: 8727981116684896353, guid: 005af990cd96cb64698cd03644cb01ce, type: 3}
  m_PrefabInstance: {fileID: 4495891040724932130}
  m_PrefabAsset: {fileID: 0}
--- !u!1001 &4495891040726555397
PrefabInstance:
  m_ObjectHideFlags: 0
  serializedVersion: 2
  m_Modification:
    m_TransformParent: {fileID: 4495891041193587516}
    m_Modifications:
    - target: {fileID: 3685896960962522006, guid: 005af990cd96cb64698cd03644cb01ce, type: 3}
      propertyPath: m_Name
      value: Item Slot (14)
      objectReference: {fileID: 0}
    - target: {fileID: 8415193121016240758, guid: 005af990cd96cb64698cd03644cb01ce, type: 3}
      propertyPath: m_Sprite
      value: 
      objectReference: {fileID: 21300000, guid: d908adef14ad98741aaa0bd3644c83c4, type: 3}
    - target: {fileID: 8415193121016240758, guid: 005af990cd96cb64698cd03644cb01ce, type: 3}
      propertyPath: m_Color.a
      value: 0
      objectReference: {fileID: 0}
    - target: {fileID: 8415193121016240758, guid: 005af990cd96cb64698cd03644cb01ce, type: 3}
      propertyPath: m_Enabled
      value: 1
      objectReference: {fileID: 0}
    - target: {fileID: 8727981116684896353, guid: 005af990cd96cb64698cd03644cb01ce, type: 3}
      propertyPath: m_Pivot.x
      value: 0.5
      objectReference: {fileID: 0}
    - target: {fileID: 8727981116684896353, guid: 005af990cd96cb64698cd03644cb01ce, type: 3}
      propertyPath: m_Pivot.y
      value: 0.5
      objectReference: {fileID: 0}
    - target: {fileID: 8727981116684896353, guid: 005af990cd96cb64698cd03644cb01ce, type: 3}
      propertyPath: m_RootOrder
      value: 13
      objectReference: {fileID: 0}
    - target: {fileID: 8727981116684896353, guid: 005af990cd96cb64698cd03644cb01ce, type: 3}
      propertyPath: m_AnchorMax.x
      value: 0
      objectReference: {fileID: 0}
    - target: {fileID: 8727981116684896353, guid: 005af990cd96cb64698cd03644cb01ce, type: 3}
      propertyPath: m_AnchorMax.y
      value: 0
      objectReference: {fileID: 0}
    - target: {fileID: 8727981116684896353, guid: 005af990cd96cb64698cd03644cb01ce, type: 3}
      propertyPath: m_AnchorMin.x
      value: 0
      objectReference: {fileID: 0}
    - target: {fileID: 8727981116684896353, guid: 005af990cd96cb64698cd03644cb01ce, type: 3}
      propertyPath: m_AnchorMin.y
      value: 0
      objectReference: {fileID: 0}
    - target: {fileID: 8727981116684896353, guid: 005af990cd96cb64698cd03644cb01ce, type: 3}
      propertyPath: m_SizeDelta.x
      value: 0
      objectReference: {fileID: 0}
    - target: {fileID: 8727981116684896353, guid: 005af990cd96cb64698cd03644cb01ce, type: 3}
      propertyPath: m_SizeDelta.y
      value: 0
      objectReference: {fileID: 0}
    - target: {fileID: 8727981116684896353, guid: 005af990cd96cb64698cd03644cb01ce, type: 3}
      propertyPath: m_LocalPosition.x
      value: 0
      objectReference: {fileID: 0}
    - target: {fileID: 8727981116684896353, guid: 005af990cd96cb64698cd03644cb01ce, type: 3}
      propertyPath: m_LocalPosition.y
      value: 0
      objectReference: {fileID: 0}
    - target: {fileID: 8727981116684896353, guid: 005af990cd96cb64698cd03644cb01ce, type: 3}
      propertyPath: m_LocalPosition.z
      value: 0
      objectReference: {fileID: 0}
    - target: {fileID: 8727981116684896353, guid: 005af990cd96cb64698cd03644cb01ce, type: 3}
      propertyPath: m_LocalRotation.w
      value: 1
      objectReference: {fileID: 0}
    - target: {fileID: 8727981116684896353, guid: 005af990cd96cb64698cd03644cb01ce, type: 3}
      propertyPath: m_LocalRotation.x
      value: 0
      objectReference: {fileID: 0}
    - target: {fileID: 8727981116684896353, guid: 005af990cd96cb64698cd03644cb01ce, type: 3}
      propertyPath: m_LocalRotation.y
      value: 0
      objectReference: {fileID: 0}
    - target: {fileID: 8727981116684896353, guid: 005af990cd96cb64698cd03644cb01ce, type: 3}
      propertyPath: m_LocalRotation.z
      value: 0
      objectReference: {fileID: 0}
    - target: {fileID: 8727981116684896353, guid: 005af990cd96cb64698cd03644cb01ce, type: 3}
      propertyPath: m_AnchoredPosition.x
      value: 0
      objectReference: {fileID: 0}
    - target: {fileID: 8727981116684896353, guid: 005af990cd96cb64698cd03644cb01ce, type: 3}
      propertyPath: m_AnchoredPosition.y
      value: 0
      objectReference: {fileID: 0}
    - target: {fileID: 8727981116684896353, guid: 005af990cd96cb64698cd03644cb01ce, type: 3}
      propertyPath: m_LocalEulerAnglesHint.x
      value: 0
      objectReference: {fileID: 0}
    - target: {fileID: 8727981116684896353, guid: 005af990cd96cb64698cd03644cb01ce, type: 3}
      propertyPath: m_LocalEulerAnglesHint.y
      value: 0
      objectReference: {fileID: 0}
    - target: {fileID: 8727981116684896353, guid: 005af990cd96cb64698cd03644cb01ce, type: 3}
      propertyPath: m_LocalEulerAnglesHint.z
      value: 0
      objectReference: {fileID: 0}
    m_RemovedComponents: []
  m_SourcePrefab: {fileID: 100100000, guid: 005af990cd96cb64698cd03644cb01ce, type: 3}
--- !u!224 &5135398258684466020 stripped
RectTransform:
  m_CorrespondingSourceObject: {fileID: 8727981116684896353, guid: 005af990cd96cb64698cd03644cb01ce, type: 3}
  m_PrefabInstance: {fileID: 4495891040726555397}
  m_PrefabAsset: {fileID: 0}
--- !u!1001 &4495891040834128522
PrefabInstance:
  m_ObjectHideFlags: 0
  serializedVersion: 2
  m_Modification:
    m_TransformParent: {fileID: 4495891041193587516}
    m_Modifications:
    - target: {fileID: 3685896960962522006, guid: 005af990cd96cb64698cd03644cb01ce, type: 3}
      propertyPath: m_Name
      value: Item Slot (6)
      objectReference: {fileID: 0}
    - target: {fileID: 8415193121016240758, guid: 005af990cd96cb64698cd03644cb01ce, type: 3}
      propertyPath: m_Sprite
      value: 
      objectReference: {fileID: 21300000, guid: d908adef14ad98741aaa0bd3644c83c4, type: 3}
    - target: {fileID: 8415193121016240758, guid: 005af990cd96cb64698cd03644cb01ce, type: 3}
      propertyPath: m_Color.a
      value: 0
      objectReference: {fileID: 0}
    - target: {fileID: 8415193121016240758, guid: 005af990cd96cb64698cd03644cb01ce, type: 3}
      propertyPath: m_Enabled
      value: 1
      objectReference: {fileID: 0}
    - target: {fileID: 8727981116684896353, guid: 005af990cd96cb64698cd03644cb01ce, type: 3}
      propertyPath: m_Pivot.x
      value: 0.5
      objectReference: {fileID: 0}
    - target: {fileID: 8727981116684896353, guid: 005af990cd96cb64698cd03644cb01ce, type: 3}
      propertyPath: m_Pivot.y
      value: 0.5
      objectReference: {fileID: 0}
    - target: {fileID: 8727981116684896353, guid: 005af990cd96cb64698cd03644cb01ce, type: 3}
      propertyPath: m_RootOrder
      value: 5
      objectReference: {fileID: 0}
    - target: {fileID: 8727981116684896353, guid: 005af990cd96cb64698cd03644cb01ce, type: 3}
      propertyPath: m_AnchorMax.x
      value: 0
      objectReference: {fileID: 0}
    - target: {fileID: 8727981116684896353, guid: 005af990cd96cb64698cd03644cb01ce, type: 3}
      propertyPath: m_AnchorMax.y
      value: 0
      objectReference: {fileID: 0}
    - target: {fileID: 8727981116684896353, guid: 005af990cd96cb64698cd03644cb01ce, type: 3}
      propertyPath: m_AnchorMin.x
      value: 0
      objectReference: {fileID: 0}
    - target: {fileID: 8727981116684896353, guid: 005af990cd96cb64698cd03644cb01ce, type: 3}
      propertyPath: m_AnchorMin.y
      value: 0
      objectReference: {fileID: 0}
    - target: {fileID: 8727981116684896353, guid: 005af990cd96cb64698cd03644cb01ce, type: 3}
      propertyPath: m_SizeDelta.x
      value: 0
      objectReference: {fileID: 0}
    - target: {fileID: 8727981116684896353, guid: 005af990cd96cb64698cd03644cb01ce, type: 3}
      propertyPath: m_SizeDelta.y
      value: 0
      objectReference: {fileID: 0}
    - target: {fileID: 8727981116684896353, guid: 005af990cd96cb64698cd03644cb01ce, type: 3}
      propertyPath: m_LocalPosition.x
      value: 0
      objectReference: {fileID: 0}
    - target: {fileID: 8727981116684896353, guid: 005af990cd96cb64698cd03644cb01ce, type: 3}
      propertyPath: m_LocalPosition.y
      value: 0
      objectReference: {fileID: 0}
    - target: {fileID: 8727981116684896353, guid: 005af990cd96cb64698cd03644cb01ce, type: 3}
      propertyPath: m_LocalPosition.z
      value: 0
      objectReference: {fileID: 0}
    - target: {fileID: 8727981116684896353, guid: 005af990cd96cb64698cd03644cb01ce, type: 3}
      propertyPath: m_LocalRotation.w
      value: 1
      objectReference: {fileID: 0}
    - target: {fileID: 8727981116684896353, guid: 005af990cd96cb64698cd03644cb01ce, type: 3}
      propertyPath: m_LocalRotation.x
      value: 0
      objectReference: {fileID: 0}
    - target: {fileID: 8727981116684896353, guid: 005af990cd96cb64698cd03644cb01ce, type: 3}
      propertyPath: m_LocalRotation.y
      value: 0
      objectReference: {fileID: 0}
    - target: {fileID: 8727981116684896353, guid: 005af990cd96cb64698cd03644cb01ce, type: 3}
      propertyPath: m_LocalRotation.z
      value: 0
      objectReference: {fileID: 0}
    - target: {fileID: 8727981116684896353, guid: 005af990cd96cb64698cd03644cb01ce, type: 3}
      propertyPath: m_AnchoredPosition.x
      value: 0
      objectReference: {fileID: 0}
    - target: {fileID: 8727981116684896353, guid: 005af990cd96cb64698cd03644cb01ce, type: 3}
      propertyPath: m_AnchoredPosition.y
      value: 0
      objectReference: {fileID: 0}
    - target: {fileID: 8727981116684896353, guid: 005af990cd96cb64698cd03644cb01ce, type: 3}
      propertyPath: m_LocalEulerAnglesHint.x
      value: 0
      objectReference: {fileID: 0}
    - target: {fileID: 8727981116684896353, guid: 005af990cd96cb64698cd03644cb01ce, type: 3}
      propertyPath: m_LocalEulerAnglesHint.y
      value: 0
      objectReference: {fileID: 0}
    - target: {fileID: 8727981116684896353, guid: 005af990cd96cb64698cd03644cb01ce, type: 3}
      propertyPath: m_LocalEulerAnglesHint.z
      value: 0
      objectReference: {fileID: 0}
    m_RemovedComponents: []
  m_SourcePrefab: {fileID: 100100000, guid: 005af990cd96cb64698cd03644cb01ce, type: 3}
--- !u!224 &5135398258324374251 stripped
RectTransform:
  m_CorrespondingSourceObject: {fileID: 8727981116684896353, guid: 005af990cd96cb64698cd03644cb01ce, type: 3}
  m_PrefabInstance: {fileID: 4495891040834128522}
  m_PrefabAsset: {fileID: 0}
--- !u!1001 &4495891041471399645
PrefabInstance:
  m_ObjectHideFlags: 0
  serializedVersion: 2
  m_Modification:
    m_TransformParent: {fileID: 4495891041193587516}
    m_Modifications:
    - target: {fileID: 3685896960962522006, guid: 005af990cd96cb64698cd03644cb01ce, type: 3}
      propertyPath: m_Name
      value: Item Slot (10)
      objectReference: {fileID: 0}
    - target: {fileID: 8415193121016240758, guid: 005af990cd96cb64698cd03644cb01ce, type: 3}
      propertyPath: m_Sprite
      value: 
      objectReference: {fileID: 21300000, guid: d908adef14ad98741aaa0bd3644c83c4, type: 3}
    - target: {fileID: 8415193121016240758, guid: 005af990cd96cb64698cd03644cb01ce, type: 3}
      propertyPath: m_Color.a
      value: 0
      objectReference: {fileID: 0}
    - target: {fileID: 8415193121016240758, guid: 005af990cd96cb64698cd03644cb01ce, type: 3}
      propertyPath: m_Enabled
      value: 1
      objectReference: {fileID: 0}
    - target: {fileID: 8727981116684896353, guid: 005af990cd96cb64698cd03644cb01ce, type: 3}
      propertyPath: m_Pivot.x
      value: 0.5
      objectReference: {fileID: 0}
    - target: {fileID: 8727981116684896353, guid: 005af990cd96cb64698cd03644cb01ce, type: 3}
      propertyPath: m_Pivot.y
      value: 0.5
      objectReference: {fileID: 0}
    - target: {fileID: 8727981116684896353, guid: 005af990cd96cb64698cd03644cb01ce, type: 3}
      propertyPath: m_RootOrder
      value: 9
      objectReference: {fileID: 0}
    - target: {fileID: 8727981116684896353, guid: 005af990cd96cb64698cd03644cb01ce, type: 3}
      propertyPath: m_AnchorMax.x
      value: 0
      objectReference: {fileID: 0}
    - target: {fileID: 8727981116684896353, guid: 005af990cd96cb64698cd03644cb01ce, type: 3}
      propertyPath: m_AnchorMax.y
      value: 0
      objectReference: {fileID: 0}
    - target: {fileID: 8727981116684896353, guid: 005af990cd96cb64698cd03644cb01ce, type: 3}
      propertyPath: m_AnchorMin.x
      value: 0
      objectReference: {fileID: 0}
    - target: {fileID: 8727981116684896353, guid: 005af990cd96cb64698cd03644cb01ce, type: 3}
      propertyPath: m_AnchorMin.y
      value: 0
      objectReference: {fileID: 0}
    - target: {fileID: 8727981116684896353, guid: 005af990cd96cb64698cd03644cb01ce, type: 3}
      propertyPath: m_SizeDelta.x
      value: 0
      objectReference: {fileID: 0}
    - target: {fileID: 8727981116684896353, guid: 005af990cd96cb64698cd03644cb01ce, type: 3}
      propertyPath: m_SizeDelta.y
      value: 0
      objectReference: {fileID: 0}
    - target: {fileID: 8727981116684896353, guid: 005af990cd96cb64698cd03644cb01ce, type: 3}
      propertyPath: m_LocalPosition.x
      value: 0
      objectReference: {fileID: 0}
    - target: {fileID: 8727981116684896353, guid: 005af990cd96cb64698cd03644cb01ce, type: 3}
      propertyPath: m_LocalPosition.y
      value: 0
      objectReference: {fileID: 0}
    - target: {fileID: 8727981116684896353, guid: 005af990cd96cb64698cd03644cb01ce, type: 3}
      propertyPath: m_LocalPosition.z
      value: 0
      objectReference: {fileID: 0}
    - target: {fileID: 8727981116684896353, guid: 005af990cd96cb64698cd03644cb01ce, type: 3}
      propertyPath: m_LocalRotation.w
      value: 1
      objectReference: {fileID: 0}
    - target: {fileID: 8727981116684896353, guid: 005af990cd96cb64698cd03644cb01ce, type: 3}
      propertyPath: m_LocalRotation.x
      value: 0
      objectReference: {fileID: 0}
    - target: {fileID: 8727981116684896353, guid: 005af990cd96cb64698cd03644cb01ce, type: 3}
      propertyPath: m_LocalRotation.y
      value: 0
      objectReference: {fileID: 0}
    - target: {fileID: 8727981116684896353, guid: 005af990cd96cb64698cd03644cb01ce, type: 3}
      propertyPath: m_LocalRotation.z
      value: 0
      objectReference: {fileID: 0}
    - target: {fileID: 8727981116684896353, guid: 005af990cd96cb64698cd03644cb01ce, type: 3}
      propertyPath: m_AnchoredPosition.x
      value: 0
      objectReference: {fileID: 0}
    - target: {fileID: 8727981116684896353, guid: 005af990cd96cb64698cd03644cb01ce, type: 3}
      propertyPath: m_AnchoredPosition.y
      value: 0
      objectReference: {fileID: 0}
    - target: {fileID: 8727981116684896353, guid: 005af990cd96cb64698cd03644cb01ce, type: 3}
      propertyPath: m_LocalEulerAnglesHint.x
      value: 0
      objectReference: {fileID: 0}
    - target: {fileID: 8727981116684896353, guid: 005af990cd96cb64698cd03644cb01ce, type: 3}
      propertyPath: m_LocalEulerAnglesHint.y
      value: 0
      objectReference: {fileID: 0}
    - target: {fileID: 8727981116684896353, guid: 005af990cd96cb64698cd03644cb01ce, type: 3}
      propertyPath: m_LocalEulerAnglesHint.z
      value: 0
      objectReference: {fileID: 0}
    m_RemovedComponents: []
  m_SourcePrefab: {fileID: 100100000, guid: 005af990cd96cb64698cd03644cb01ce, type: 3}
--- !u!224 &5135398257820798652 stripped
RectTransform:
  m_CorrespondingSourceObject: {fileID: 8727981116684896353, guid: 005af990cd96cb64698cd03644cb01ce, type: 3}
  m_PrefabInstance: {fileID: 4495891041471399645}
  m_PrefabAsset: {fileID: 0}
--- !u!1001 &4495891041539067666
PrefabInstance:
  m_ObjectHideFlags: 0
  serializedVersion: 2
  m_Modification:
    m_TransformParent: {fileID: 4495891041193587516}
    m_Modifications:
    - target: {fileID: 3685896960962522006, guid: 005af990cd96cb64698cd03644cb01ce, type: 3}
      propertyPath: m_Name
      value: Item Slot (15)
      objectReference: {fileID: 0}
    - target: {fileID: 8415193121016240758, guid: 005af990cd96cb64698cd03644cb01ce, type: 3}
      propertyPath: m_Sprite
      value: 
      objectReference: {fileID: 21300000, guid: d908adef14ad98741aaa0bd3644c83c4, type: 3}
    - target: {fileID: 8415193121016240758, guid: 005af990cd96cb64698cd03644cb01ce, type: 3}
      propertyPath: m_Color.a
      value: 0
      objectReference: {fileID: 0}
    - target: {fileID: 8415193121016240758, guid: 005af990cd96cb64698cd03644cb01ce, type: 3}
      propertyPath: m_Enabled
      value: 1
      objectReference: {fileID: 0}
    - target: {fileID: 8727981116684896353, guid: 005af990cd96cb64698cd03644cb01ce, type: 3}
      propertyPath: m_Pivot.x
      value: 0.5
      objectReference: {fileID: 0}
    - target: {fileID: 8727981116684896353, guid: 005af990cd96cb64698cd03644cb01ce, type: 3}
      propertyPath: m_Pivot.y
      value: 0.5
      objectReference: {fileID: 0}
    - target: {fileID: 8727981116684896353, guid: 005af990cd96cb64698cd03644cb01ce, type: 3}
      propertyPath: m_RootOrder
      value: 14
      objectReference: {fileID: 0}
    - target: {fileID: 8727981116684896353, guid: 005af990cd96cb64698cd03644cb01ce, type: 3}
      propertyPath: m_AnchorMax.x
      value: 0
      objectReference: {fileID: 0}
    - target: {fileID: 8727981116684896353, guid: 005af990cd96cb64698cd03644cb01ce, type: 3}
      propertyPath: m_AnchorMax.y
      value: 0
      objectReference: {fileID: 0}
    - target: {fileID: 8727981116684896353, guid: 005af990cd96cb64698cd03644cb01ce, type: 3}
      propertyPath: m_AnchorMin.x
      value: 0
      objectReference: {fileID: 0}
    - target: {fileID: 8727981116684896353, guid: 005af990cd96cb64698cd03644cb01ce, type: 3}
      propertyPath: m_AnchorMin.y
      value: 0
      objectReference: {fileID: 0}
    - target: {fileID: 8727981116684896353, guid: 005af990cd96cb64698cd03644cb01ce, type: 3}
      propertyPath: m_SizeDelta.x
      value: 0
      objectReference: {fileID: 0}
    - target: {fileID: 8727981116684896353, guid: 005af990cd96cb64698cd03644cb01ce, type: 3}
      propertyPath: m_SizeDelta.y
      value: 0
      objectReference: {fileID: 0}
    - target: {fileID: 8727981116684896353, guid: 005af990cd96cb64698cd03644cb01ce, type: 3}
      propertyPath: m_LocalPosition.x
      value: 0
      objectReference: {fileID: 0}
    - target: {fileID: 8727981116684896353, guid: 005af990cd96cb64698cd03644cb01ce, type: 3}
      propertyPath: m_LocalPosition.y
      value: 0
      objectReference: {fileID: 0}
    - target: {fileID: 8727981116684896353, guid: 005af990cd96cb64698cd03644cb01ce, type: 3}
      propertyPath: m_LocalPosition.z
      value: 0
      objectReference: {fileID: 0}
    - target: {fileID: 8727981116684896353, guid: 005af990cd96cb64698cd03644cb01ce, type: 3}
      propertyPath: m_LocalRotation.w
      value: 1
      objectReference: {fileID: 0}
    - target: {fileID: 8727981116684896353, guid: 005af990cd96cb64698cd03644cb01ce, type: 3}
      propertyPath: m_LocalRotation.x
      value: 0
      objectReference: {fileID: 0}
    - target: {fileID: 8727981116684896353, guid: 005af990cd96cb64698cd03644cb01ce, type: 3}
      propertyPath: m_LocalRotation.y
      value: 0
      objectReference: {fileID: 0}
    - target: {fileID: 8727981116684896353, guid: 005af990cd96cb64698cd03644cb01ce, type: 3}
      propertyPath: m_LocalRotation.z
      value: 0
      objectReference: {fileID: 0}
    - target: {fileID: 8727981116684896353, guid: 005af990cd96cb64698cd03644cb01ce, type: 3}
      propertyPath: m_AnchoredPosition.x
      value: 0
      objectReference: {fileID: 0}
    - target: {fileID: 8727981116684896353, guid: 005af990cd96cb64698cd03644cb01ce, type: 3}
      propertyPath: m_AnchoredPosition.y
      value: 0
      objectReference: {fileID: 0}
    - target: {fileID: 8727981116684896353, guid: 005af990cd96cb64698cd03644cb01ce, type: 3}
      propertyPath: m_LocalEulerAnglesHint.x
      value: 0
      objectReference: {fileID: 0}
    - target: {fileID: 8727981116684896353, guid: 005af990cd96cb64698cd03644cb01ce, type: 3}
      propertyPath: m_LocalEulerAnglesHint.y
      value: 0
      objectReference: {fileID: 0}
    - target: {fileID: 8727981116684896353, guid: 005af990cd96cb64698cd03644cb01ce, type: 3}
      propertyPath: m_LocalEulerAnglesHint.z
      value: 0
      objectReference: {fileID: 0}
    m_RemovedComponents: []
  m_SourcePrefab: {fileID: 100100000, guid: 005af990cd96cb64698cd03644cb01ce, type: 3}
--- !u!224 &5135398257888724851 stripped
RectTransform:
  m_CorrespondingSourceObject: {fileID: 8727981116684896353, guid: 005af990cd96cb64698cd03644cb01ce, type: 3}
  m_PrefabInstance: {fileID: 4495891041539067666}
  m_PrefabAsset: {fileID: 0}
