%YAML 1.1
%TAG !u! tag:unity3d.com,2011:
--- !u!1 &510606083134537422
GameObject:
  m_ObjectHideFlags: 0
  m_CorrespondingSourceObject: {fileID: 0}
  m_PrefabInstance: {fileID: 0}
  m_PrefabAsset: {fileID: 0}
  serializedVersion: 6
  m_Component:
  - component: {fileID: 8715792030919962011}
  - component: {fileID: 3767083247930348361}
  - component: {fileID: 984615090927873262}
  m_Layer: 5
  m_Name: Lock (1)
  m_TagString: Untagged
  m_Icon: {fileID: 0}
  m_NavMeshLayer: 0
  m_StaticEditorFlags: 0
  m_IsActive: 1
--- !u!224 &8715792030919962011
RectTransform:
  m_ObjectHideFlags: 0
  m_CorrespondingSourceObject: {fileID: 0}
  m_PrefabInstance: {fileID: 0}
  m_PrefabAsset: {fileID: 0}
  m_GameObject: {fileID: 510606083134537422}
  m_LocalRotation: {x: 0, y: 0, z: 0, w: 1}
  m_LocalPosition: {x: 0, y: 0, z: 0}
  m_LocalScale: {x: 1, y: 1, z: 1}
  m_Children: []
  m_Father: {fileID: 4495891041193587516}
  m_RootOrder: 11
  m_LocalEulerAnglesHint: {x: 0, y: 0, z: 0}
  m_AnchorMin: {x: 0, y: 0}
  m_AnchorMax: {x: 0, y: 0}
  m_AnchoredPosition: {x: 0, y: 0}
  m_SizeDelta: {x: 0, y: 0}
  m_Pivot: {x: 0.5, y: 0.5}
--- !u!222 &3767083247930348361
CanvasRenderer:
  m_ObjectHideFlags: 0
  m_CorrespondingSourceObject: {fileID: 0}
  m_PrefabInstance: {fileID: 0}
  m_PrefabAsset: {fileID: 0}
  m_GameObject: {fileID: 510606083134537422}
  m_CullTransparentMesh: 1
--- !u!114 &984615090927873262
MonoBehaviour:
  m_ObjectHideFlags: 0
  m_CorrespondingSourceObject: {fileID: 0}
  m_PrefabInstance: {fileID: 0}
  m_PrefabAsset: {fileID: 0}
  m_GameObject: {fileID: 510606083134537422}
  m_Enabled: 1
  m_EditorHideFlags: 0
  m_Script: {fileID: 11500000, guid: fe87c0e1cc204ed48ad3b37840f39efc, type: 3}
  m_Name: 
  m_EditorClassIdentifier: 
  m_Material: {fileID: 0}
  m_Color: {r: 1, g: 1, b: 1, a: 1}
  m_RaycastTarget: 1
  m_RaycastPadding: {x: 0, y: 0, z: 0, w: 0}
  m_Maskable: 1
  m_OnCullStateChanged:
    m_PersistentCalls:
      m_Calls: []
  m_Sprite: {fileID: 21300000, guid: 1b1448dd54f3b344fa82b0e748140669, type: 3}
  m_Type: 0
  m_PreserveAspect: 0
  m_FillCenter: 1
  m_FillMethod: 4
  m_FillAmount: 1
  m_FillClockwise: 1
  m_FillOrigin: 0
  m_UseSpriteMesh: 0
  m_PixelsPerUnitMultiplier: 1
--- !u!1 &1378346990823452663
GameObject:
  m_ObjectHideFlags: 0
  m_CorrespondingSourceObject: {fileID: 0}
  m_PrefabInstance: {fileID: 0}
  m_PrefabAsset: {fileID: 0}
  serializedVersion: 6
  m_Component:
  - component: {fileID: 3495980880746589318}
  - component: {fileID: 4592110410707978497}
  - component: {fileID: 3948127919437023791}
  m_Layer: 5
  m_Name: Lock (7)
  m_TagString: Untagged
  m_Icon: {fileID: 0}
  m_NavMeshLayer: 0
  m_StaticEditorFlags: 0
  m_IsActive: 1
--- !u!224 &3495980880746589318
RectTransform:
  m_ObjectHideFlags: 0
  m_CorrespondingSourceObject: {fileID: 0}
  m_PrefabInstance: {fileID: 0}
  m_PrefabAsset: {fileID: 0}
  m_GameObject: {fileID: 1378346990823452663}
  m_LocalRotation: {x: 0, y: 0, z: 0, w: 1}
  m_LocalPosition: {x: 0, y: 0, z: 0}
  m_LocalScale: {x: 1, y: 1, z: 1}
  m_Children: []
  m_Father: {fileID: 4495891041193587516}
  m_RootOrder: 17
  m_LocalEulerAnglesHint: {x: 0, y: 0, z: 0}
  m_AnchorMin: {x: 0, y: 0}
  m_AnchorMax: {x: 0, y: 0}
  m_AnchoredPosition: {x: 0, y: 0}
  m_SizeDelta: {x: 0, y: 0}
  m_Pivot: {x: 0.5, y: 0.5}
--- !u!222 &4592110410707978497
CanvasRenderer:
  m_ObjectHideFlags: 0
  m_CorrespondingSourceObject: {fileID: 0}
  m_PrefabInstance: {fileID: 0}
  m_PrefabAsset: {fileID: 0}
  m_GameObject: {fileID: 1378346990823452663}
  m_CullTransparentMesh: 1
--- !u!114 &3948127919437023791
MonoBehaviour:
  m_ObjectHideFlags: 0
  m_CorrespondingSourceObject: {fileID: 0}
  m_PrefabInstance: {fileID: 0}
  m_PrefabAsset: {fileID: 0}
  m_GameObject: {fileID: 1378346990823452663}
  m_Enabled: 1
  m_EditorHideFlags: 0
  m_Script: {fileID: 11500000, guid: fe87c0e1cc204ed48ad3b37840f39efc, type: 3}
  m_Name: 
  m_EditorClassIdentifier: 
  m_Material: {fileID: 0}
  m_Color: {r: 1, g: 1, b: 1, a: 1}
  m_RaycastTarget: 1
  m_RaycastPadding: {x: 0, y: 0, z: 0, w: 0}
  m_Maskable: 1
  m_OnCullStateChanged:
    m_PersistentCalls:
      m_Calls: []
  m_Sprite: {fileID: 21300000, guid: 1b1448dd54f3b344fa82b0e748140669, type: 3}
  m_Type: 0
  m_PreserveAspect: 0
  m_FillCenter: 1
  m_FillMethod: 4
  m_FillAmount: 1
  m_FillClockwise: 1
  m_FillOrigin: 0
  m_UseSpriteMesh: 0
  m_PixelsPerUnitMultiplier: 1
--- !u!1 &2699846286478729860
GameObject:
  m_ObjectHideFlags: 0
  m_CorrespondingSourceObject: {fileID: 0}
  m_PrefabInstance: {fileID: 0}
  m_PrefabAsset: {fileID: 0}
  serializedVersion: 6
  m_Component:
  - component: {fileID: 1052491424318820437}
  - component: {fileID: 6375029042293686890}
  - component: {fileID: 7881316564120798185}
  m_Layer: 5
  m_Name: Lock (3)
  m_TagString: Untagged
  m_Icon: {fileID: 0}
  m_NavMeshLayer: 0
  m_StaticEditorFlags: 0
  m_IsActive: 1
--- !u!224 &1052491424318820437
RectTransform:
  m_ObjectHideFlags: 0
  m_CorrespondingSourceObject: {fileID: 0}
  m_PrefabInstance: {fileID: 0}
  m_PrefabAsset: {fileID: 0}
  m_GameObject: {fileID: 2699846286478729860}
  m_LocalRotation: {x: 0, y: 0, z: 0, w: 1}
  m_LocalPosition: {x: 0, y: 0, z: 0}
  m_LocalScale: {x: 1, y: 1, z: 1}
  m_Children: []
  m_Father: {fileID: 4495891041193587516}
  m_RootOrder: 13
  m_LocalEulerAnglesHint: {x: 0, y: 0, z: 0}
  m_AnchorMin: {x: 0, y: 0}
  m_AnchorMax: {x: 0, y: 0}
  m_AnchoredPosition: {x: 0, y: 0}
  m_SizeDelta: {x: 0, y: 0}
  m_Pivot: {x: 0.5, y: 0.5}
--- !u!222 &6375029042293686890
CanvasRenderer:
  m_ObjectHideFlags: 0
  m_CorrespondingSourceObject: {fileID: 0}
  m_PrefabInstance: {fileID: 0}
  m_PrefabAsset: {fileID: 0}
  m_GameObject: {fileID: 2699846286478729860}
  m_CullTransparentMesh: 1
--- !u!114 &7881316564120798185
MonoBehaviour:
  m_ObjectHideFlags: 0
  m_CorrespondingSourceObject: {fileID: 0}
  m_PrefabInstance: {fileID: 0}
  m_PrefabAsset: {fileID: 0}
  m_GameObject: {fileID: 2699846286478729860}
  m_Enabled: 1
  m_EditorHideFlags: 0
  m_Script: {fileID: 11500000, guid: fe87c0e1cc204ed48ad3b37840f39efc, type: 3}
  m_Name: 
  m_EditorClassIdentifier: 
  m_Material: {fileID: 0}
  m_Color: {r: 1, g: 1, b: 1, a: 1}
  m_RaycastTarget: 1
  m_RaycastPadding: {x: 0, y: 0, z: 0, w: 0}
  m_Maskable: 1
  m_OnCullStateChanged:
    m_PersistentCalls:
      m_Calls: []
  m_Sprite: {fileID: 21300000, guid: 1b1448dd54f3b344fa82b0e748140669, type: 3}
  m_Type: 0
  m_PreserveAspect: 0
  m_FillCenter: 1
  m_FillMethod: 4
  m_FillAmount: 1
  m_FillClockwise: 1
  m_FillOrigin: 0
  m_UseSpriteMesh: 0
  m_PixelsPerUnitMultiplier: 1
--- !u!1 &4495891041193587517
GameObject:
  m_ObjectHideFlags: 0
  m_CorrespondingSourceObject: {fileID: 0}
  m_PrefabInstance: {fileID: 0}
  m_PrefabAsset: {fileID: 0}
  serializedVersion: 6
  m_Component:
  - component: {fileID: 4495891041193587516}
  - component: {fileID: 4495891041193587519}
  m_Layer: 5
  m_Name: Low Tier Item Slots Grid Stage 1
  m_TagString: Untagged
  m_Icon: {fileID: 0}
  m_NavMeshLayer: 0
  m_StaticEditorFlags: 0
  m_IsActive: 1
--- !u!224 &4495891041193587516
RectTransform:
  m_ObjectHideFlags: 0
  m_CorrespondingSourceObject: {fileID: 0}
  m_PrefabInstance: {fileID: 0}
  m_PrefabAsset: {fileID: 0}
  m_GameObject: {fileID: 4495891041193587517}
  m_LocalRotation: {x: 0, y: 0, z: 0, w: 1}
  m_LocalPosition: {x: 0, y: 0, z: 0}
  m_LocalScale: {x: 1, y: 1, z: 1}
  m_Children:
  - {fileID: 8071859560055021830}
  - {fileID: 5135398257298654144}
  - {fileID: 5135398256711649522}
  - {fileID: 5135398256910494045}
  - {fileID: 5135398258553164953}
  - {fileID: 5135398258324374251}
  - {fileID: 5135398256632603550}
  - {fileID: 5135398256707781522}
  - {fileID: 5135398258625630844}
  - {fileID: 5135398257820798652}
  - {fileID: 1862278187666620089}
  - {fileID: 8715792030919962011}
  - {fileID: 1035105200167964671}
  - {fileID: 1052491424318820437}
  - {fileID: 1903411209701178668}
  - {fileID: 5482439882648682975}
  - {fileID: 8430837316915769573}
  - {fileID: 3495980880746589318}
  m_Father: {fileID: 0}
  m_RootOrder: 0
  m_LocalEulerAnglesHint: {x: 0, y: 0, z: 0}
  m_AnchorMin: {x: 0, y: 0}
  m_AnchorMax: {x: 1, y: 1}
  m_AnchoredPosition: {x: 0, y: 0}
  m_SizeDelta: {x: 0, y: 0}
  m_Pivot: {x: 0.5, y: 0.5}
--- !u!114 &4495891041193587519
MonoBehaviour:
  m_ObjectHideFlags: 0
  m_CorrespondingSourceObject: {fileID: 0}
  m_PrefabInstance: {fileID: 0}
  m_PrefabAsset: {fileID: 0}
  m_GameObject: {fileID: 4495891041193587517}
  m_Enabled: 1
  m_EditorHideFlags: 0
  m_Script: {fileID: 11500000, guid: 8a8695521f0d02e499659fee002a26c2, type: 3}
  m_Name: 
  m_EditorClassIdentifier: 
  m_Padding:
    m_Left: 83
    m_Right: 0
    m_Top: 168
    m_Bottom: 0
  m_ChildAlignment: 0
  m_StartCorner: 0
  m_StartAxis: 0
  m_CellSize: {x: 104.4, y: 71.1}
  m_Spacing: {x: 86.7, y: 111.6}
  m_Constraint: 1
  m_ConstraintCount: 6
--- !u!1 &5853320645462787053
GameObject:
  m_ObjectHideFlags: 0
  m_CorrespondingSourceObject: {fileID: 0}
  m_PrefabInstance: {fileID: 0}
  m_PrefabAsset: {fileID: 0}
  serializedVersion: 6
  m_Component:
  - component: {fileID: 8430837316915769573}
  - component: {fileID: 75626642270818208}
  - component: {fileID: 4297271173551140564}
  m_Layer: 5
  m_Name: Lock (6)
  m_TagString: Untagged
  m_Icon: {fileID: 0}
  m_NavMeshLayer: 0
  m_StaticEditorFlags: 0
  m_IsActive: 1
--- !u!224 &8430837316915769573
RectTransform:
  m_ObjectHideFlags: 0
  m_CorrespondingSourceObject: {fileID: 0}
  m_PrefabInstance: {fileID: 0}
  m_PrefabAsset: {fileID: 0}
  m_GameObject: {fileID: 5853320645462787053}
  m_LocalRotation: {x: 0, y: 0, z: 0, w: 1}
  m_LocalPosition: {x: 0, y: 0, z: 0}
  m_LocalScale: {x: 1, y: 1, z: 1}
  m_Children: []
  m_Father: {fileID: 4495891041193587516}
  m_RootOrder: 16
  m_LocalEulerAnglesHint: {x: 0, y: 0, z: 0}
  m_AnchorMin: {x: 0, y: 0}
  m_AnchorMax: {x: 0, y: 0}
  m_AnchoredPosition: {x: 0, y: 0}
  m_SizeDelta: {x: 0, y: 0}
  m_Pivot: {x: 0.5, y: 0.5}
--- !u!222 &75626642270818208
CanvasRenderer:
  m_ObjectHideFlags: 0
  m_CorrespondingSourceObject: {fileID: 0}
  m_PrefabInstance: {fileID: 0}
  m_PrefabAsset: {fileID: 0}
  m_GameObject: {fileID: 5853320645462787053}
  m_CullTransparentMesh: 1
--- !u!114 &4297271173551140564
MonoBehaviour:
  m_ObjectHideFlags: 0
  m_CorrespondingSourceObject: {fileID: 0}
  m_PrefabInstance: {fileID: 0}
  m_PrefabAsset: {fileID: 0}
  m_GameObject: {fileID: 5853320645462787053}
  m_Enabled: 1
  m_EditorHideFlags: 0
  m_Script: {fileID: 11500000, guid: fe87c0e1cc204ed48ad3b37840f39efc, type: 3}
  m_Name: 
  m_EditorClassIdentifier: 
  m_Material: {fileID: 0}
  m_Color: {r: 1, g: 1, b: 1, a: 1}
  m_RaycastTarget: 1
  m_RaycastPadding: {x: 0, y: 0, z: 0, w: 0}
  m_Maskable: 1
  m_OnCullStateChanged:
    m_PersistentCalls:
      m_Calls: []
  m_Sprite: {fileID: 21300000, guid: 1b1448dd54f3b344fa82b0e748140669, type: 3}
  m_Type: 0
  m_PreserveAspect: 0
  m_FillCenter: 1
  m_FillMethod: 4
  m_FillAmount: 1
  m_FillClockwise: 1
  m_FillOrigin: 0
  m_UseSpriteMesh: 0
  m_PixelsPerUnitMultiplier: 1
--- !u!1 &6043495838349352270
GameObject:
  m_ObjectHideFlags: 0
  m_CorrespondingSourceObject: {fileID: 0}
  m_PrefabInstance: {fileID: 0}
  m_PrefabAsset: {fileID: 0}
  serializedVersion: 6
  m_Component:
  - component: {fileID: 1862278187666620089}
  - component: {fileID: 6266356173125245657}
  - component: {fileID: 1454914738335673518}
  m_Layer: 5
  m_Name: Lock
  m_TagString: Untagged
  m_Icon: {fileID: 0}
  m_NavMeshLayer: 0
  m_StaticEditorFlags: 0
  m_IsActive: 1
--- !u!224 &1862278187666620089
RectTransform:
  m_ObjectHideFlags: 0
  m_CorrespondingSourceObject: {fileID: 0}
  m_PrefabInstance: {fileID: 0}
  m_PrefabAsset: {fileID: 0}
  m_GameObject: {fileID: 6043495838349352270}
  m_LocalRotation: {x: 0, y: 0, z: 0, w: 1}
  m_LocalPosition: {x: 0, y: 0, z: 0}
  m_LocalScale: {x: 1, y: 1, z: 1}
  m_Children: []
  m_Father: {fileID: 4495891041193587516}
  m_RootOrder: 10
  m_LocalEulerAnglesHint: {x: 0, y: 0, z: 0}
  m_AnchorMin: {x: 0, y: 0}
  m_AnchorMax: {x: 0, y: 0}
  m_AnchoredPosition: {x: 0, y: 0}
  m_SizeDelta: {x: 0, y: 0}
  m_Pivot: {x: 0.5, y: 0.5}
--- !u!222 &6266356173125245657
CanvasRenderer:
  m_ObjectHideFlags: 0
  m_CorrespondingSourceObject: {fileID: 0}
  m_PrefabInstance: {fileID: 0}
  m_PrefabAsset: {fileID: 0}
  m_GameObject: {fileID: 6043495838349352270}
  m_CullTransparentMesh: 1
--- !u!114 &1454914738335673518
MonoBehaviour:
  m_ObjectHideFlags: 0
  m_CorrespondingSourceObject: {fileID: 0}
  m_PrefabInstance: {fileID: 0}
  m_PrefabAsset: {fileID: 0}
  m_GameObject: {fileID: 6043495838349352270}
  m_Enabled: 1
  m_EditorHideFlags: 0
  m_Script: {fileID: 11500000, guid: fe87c0e1cc204ed48ad3b37840f39efc, type: 3}
  m_Name: 
  m_EditorClassIdentifier: 
  m_Material: {fileID: 0}
  m_Color: {r: 1, g: 1, b: 1, a: 1}
  m_RaycastTarget: 1
  m_RaycastPadding: {x: 0, y: 0, z: 0, w: 0}
  m_Maskable: 1
  m_OnCullStateChanged:
    m_PersistentCalls:
      m_Calls: []
  m_Sprite: {fileID: 21300000, guid: 1b1448dd54f3b344fa82b0e748140669, type: 3}
  m_Type: 0
  m_PreserveAspect: 0
  m_FillCenter: 1
  m_FillMethod: 4
  m_FillAmount: 1
  m_FillClockwise: 1
  m_FillOrigin: 0
  m_UseSpriteMesh: 0
  m_PixelsPerUnitMultiplier: 1
--- !u!1 &8678643478705844780
GameObject:
  m_ObjectHideFlags: 0
  m_CorrespondingSourceObject: {fileID: 0}
  m_PrefabInstance: {fileID: 0}
  m_PrefabAsset: {fileID: 0}
  serializedVersion: 6
  m_Component:
  - component: {fileID: 1903411209701178668}
  - component: {fileID: 7661477546392470152}
  - component: {fileID: 4560909492512396444}
  m_Layer: 5
  m_Name: Lock (4)
  m_TagString: Untagged
  m_Icon: {fileID: 0}
  m_NavMeshLayer: 0
  m_StaticEditorFlags: 0
  m_IsActive: 1
--- !u!224 &1903411209701178668
RectTransform:
  m_ObjectHideFlags: 0
  m_CorrespondingSourceObject: {fileID: 0}
  m_PrefabInstance: {fileID: 0}
  m_PrefabAsset: {fileID: 0}
  m_GameObject: {fileID: 8678643478705844780}
  m_LocalRotation: {x: 0, y: 0, z: 0, w: 1}
  m_LocalPosition: {x: 0, y: 0, z: 0}
  m_LocalScale: {x: 1, y: 1, z: 1}
  m_Children: []
  m_Father: {fileID: 4495891041193587516}
  m_RootOrder: 14
  m_LocalEulerAnglesHint: {x: 0, y: 0, z: 0}
  m_AnchorMin: {x: 0, y: 0}
  m_AnchorMax: {x: 0, y: 0}
  m_AnchoredPosition: {x: 0, y: 0}
  m_SizeDelta: {x: 0, y: 0}
  m_Pivot: {x: 0.5, y: 0.5}
--- !u!222 &7661477546392470152
CanvasRenderer:
  m_ObjectHideFlags: 0
  m_CorrespondingSourceObject: {fileID: 0}
  m_PrefabInstance: {fileID: 0}
  m_PrefabAsset: {fileID: 0}
  m_GameObject: {fileID: 8678643478705844780}
  m_CullTransparentMesh: 1
--- !u!114 &4560909492512396444
MonoBehaviour:
  m_ObjectHideFlags: 0
  m_CorrespondingSourceObject: {fileID: 0}
  m_PrefabInstance: {fileID: 0}
  m_PrefabAsset: {fileID: 0}
  m_GameObject: {fileID: 8678643478705844780}
  m_Enabled: 1
  m_EditorHideFlags: 0
  m_Script: {fileID: 11500000, guid: fe87c0e1cc204ed48ad3b37840f39efc, type: 3}
  m_Name: 
  m_EditorClassIdentifier: 
  m_Material: {fileID: 0}
  m_Color: {r: 1, g: 1, b: 1, a: 1}
  m_RaycastTarget: 1
  m_RaycastPadding: {x: 0, y: 0, z: 0, w: 0}
  m_Maskable: 1
  m_OnCullStateChanged:
    m_PersistentCalls:
      m_Calls: []
  m_Sprite: {fileID: 21300000, guid: 1b1448dd54f3b344fa82b0e748140669, type: 3}
  m_Type: 0
  m_PreserveAspect: 0
  m_FillCenter: 1
  m_FillMethod: 4
  m_FillAmount: 1
  m_FillClockwise: 1
  m_FillOrigin: 0
  m_UseSpriteMesh: 0
  m_PixelsPerUnitMultiplier: 1
--- !u!1 &8727851817810962743
GameObject:
  m_ObjectHideFlags: 0
  m_CorrespondingSourceObject: {fileID: 0}
  m_PrefabInstance: {fileID: 0}
  m_PrefabAsset: {fileID: 0}
  serializedVersion: 6
  m_Component:
  - component: {fileID: 5482439882648682975}
  - component: {fileID: 3375608703616942534}
  - component: {fileID: 5722944294933176520}
  m_Layer: 5
  m_Name: Lock (5)
  m_TagString: Untagged
  m_Icon: {fileID: 0}
  m_NavMeshLayer: 0
  m_StaticEditorFlags: 0
  m_IsActive: 1
--- !u!224 &5482439882648682975
RectTransform:
  m_ObjectHideFlags: 0
  m_CorrespondingSourceObject: {fileID: 0}
  m_PrefabInstance: {fileID: 0}
  m_PrefabAsset: {fileID: 0}
  m_GameObject: {fileID: 8727851817810962743}
  m_LocalRotation: {x: 0, y: 0, z: 0, w: 1}
  m_LocalPosition: {x: 0, y: 0, z: 0}
  m_LocalScale: {x: 1, y: 1, z: 1}
  m_Children: []
  m_Father: {fileID: 4495891041193587516}
  m_RootOrder: 15
  m_LocalEulerAnglesHint: {x: 0, y: 0, z: 0}
  m_AnchorMin: {x: 0, y: 0}
  m_AnchorMax: {x: 0, y: 0}
  m_AnchoredPosition: {x: 0, y: 0}
  m_SizeDelta: {x: 0, y: 0}
  m_Pivot: {x: 0.5, y: 0.5}
--- !u!222 &3375608703616942534
CanvasRenderer:
  m_ObjectHideFlags: 0
  m_CorrespondingSourceObject: {fileID: 0}
  m_PrefabInstance: {fileID: 0}
  m_PrefabAsset: {fileID: 0}
  m_GameObject: {fileID: 8727851817810962743}
  m_CullTransparentMesh: 1
--- !u!114 &5722944294933176520
MonoBehaviour:
  m_ObjectHideFlags: 0
  m_CorrespondingSourceObject: {fileID: 0}
  m_PrefabInstance: {fileID: 0}
  m_PrefabAsset: {fileID: 0}
  m_GameObject: {fileID: 8727851817810962743}
  m_Enabled: 1
  m_EditorHideFlags: 0
  m_Script: {fileID: 11500000, guid: fe87c0e1cc204ed48ad3b37840f39efc, type: 3}
  m_Name: 
  m_EditorClassIdentifier: 
  m_Material: {fileID: 0}
  m_Color: {r: 1, g: 1, b: 1, a: 1}
  m_RaycastTarget: 1
  m_RaycastPadding: {x: 0, y: 0, z: 0, w: 0}
  m_Maskable: 1
  m_OnCullStateChanged:
    m_PersistentCalls:
      m_Calls: []
  m_Sprite: {fileID: 21300000, guid: 1b1448dd54f3b344fa82b0e748140669, type: 3}
  m_Type: 0
  m_PreserveAspect: 0
  m_FillCenter: 1
  m_FillMethod: 4
  m_FillAmount: 1
  m_FillClockwise: 1
  m_FillOrigin: 0
  m_UseSpriteMesh: 0
  m_PixelsPerUnitMultiplier: 1
--- !u!1 &9027447802184397362
GameObject:
  m_ObjectHideFlags: 0
  m_CorrespondingSourceObject: {fileID: 0}
  m_PrefabInstance: {fileID: 0}
  m_PrefabAsset: {fileID: 0}
  serializedVersion: 6
  m_Component:
  - component: {fileID: 1035105200167964671}
  - component: {fileID: 4886836978741868413}
  - component: {fileID: 6082998693032644176}
  m_Layer: 5
  m_Name: Lock (2)
  m_TagString: Untagged
  m_Icon: {fileID: 0}
  m_NavMeshLayer: 0
  m_StaticEditorFlags: 0
  m_IsActive: 1
--- !u!224 &1035105200167964671
RectTransform:
  m_ObjectHideFlags: 0
  m_CorrespondingSourceObject: {fileID: 0}
  m_PrefabInstance: {fileID: 0}
  m_PrefabAsset: {fileID: 0}
  m_GameObject: {fileID: 9027447802184397362}
  m_LocalRotation: {x: 0, y: 0, z: 0, w: 1}
  m_LocalPosition: {x: 0, y: 0, z: 0}
  m_LocalScale: {x: 1, y: 1, z: 1}
  m_Children: []
  m_Father: {fileID: 4495891041193587516}
  m_RootOrder: 12
  m_LocalEulerAnglesHint: {x: 0, y: 0, z: 0}
  m_AnchorMin: {x: 0, y: 0}
  m_AnchorMax: {x: 0, y: 0}
  m_AnchoredPosition: {x: 0, y: 0}
  m_SizeDelta: {x: 0, y: 0}
  m_Pivot: {x: 0.5, y: 0.5}
--- !u!222 &4886836978741868413
CanvasRenderer:
  m_ObjectHideFlags: 0
  m_CorrespondingSourceObject: {fileID: 0}
  m_PrefabInstance: {fileID: 0}
  m_PrefabAsset: {fileID: 0}
  m_GameObject: {fileID: 9027447802184397362}
  m_CullTransparentMesh: 1
--- !u!114 &6082998693032644176
MonoBehaviour:
  m_ObjectHideFlags: 0
  m_CorrespondingSourceObject: {fileID: 0}
  m_PrefabInstance: {fileID: 0}
  m_PrefabAsset: {fileID: 0}
  m_GameObject: {fileID: 9027447802184397362}
  m_Enabled: 1
  m_EditorHideFlags: 0
  m_Script: {fileID: 11500000, guid: fe87c0e1cc204ed48ad3b37840f39efc, type: 3}
  m_Name: 
  m_EditorClassIdentifier: 
  m_Material: {fileID: 0}
  m_Color: {r: 1, g: 1, b: 1, a: 1}
  m_RaycastTarget: 1
  m_RaycastPadding: {x: 0, y: 0, z: 0, w: 0}
  m_Maskable: 1
  m_OnCullStateChanged:
    m_PersistentCalls:
      m_Calls: []
  m_Sprite: {fileID: 21300000, guid: 1b1448dd54f3b344fa82b0e748140669, type: 3}
  m_Type: 0
  m_PreserveAspect: 0
  m_FillCenter: 1
  m_FillMethod: 4
  m_FillAmount: 1
  m_FillClockwise: 1
  m_FillOrigin: 0
  m_UseSpriteMesh: 0
  m_PixelsPerUnitMultiplier: 1
--- !u!1001 &658938512186911079
PrefabInstance:
  m_ObjectHideFlags: 0
  serializedVersion: 2
  m_Modification:
    m_TransformParent: {fileID: 4495891041193587516}
    m_Modifications:
    - target: {fileID: 3685896960962522006, guid: 005af990cd96cb64698cd03644cb01ce, type: 3}
      propertyPath: m_Name
      value: Item Slot (1)
      objectReference: {fileID: 0}
    - target: {fileID: 8415193121016240758, guid: 005af990cd96cb64698cd03644cb01ce, type: 3}
      propertyPath: m_Sprite
      value: 
      objectReference: {fileID: 21300000, guid: d908adef14ad98741aaa0bd3644c83c4, type: 3}
    - target: {fileID: 8415193121016240758, guid: 005af990cd96cb64698cd03644cb01ce, type: 3}
      propertyPath: m_Color.a
      value: 0
      objectReference: {fileID: 0}
    - target: {fileID: 8415193121016240758, guid: 005af990cd96cb64698cd03644cb01ce, type: 3}
      propertyPath: m_Enabled
      value: 1
      objectReference: {fileID: 0}
    - target: {fileID: 8727981116684896353, guid: 005af990cd96cb64698cd03644cb01ce, type: 3}
      propertyPath: m_Pivot.x
      value: 0.5
      objectReference: {fileID: 0}
    - target: {fileID: 8727981116684896353, guid: 005af990cd96cb64698cd03644cb01ce, type: 3}
      propertyPath: m_Pivot.y
      value: 0.5
      objectReference: {fileID: 0}
    - target: {fileID: 8727981116684896353, guid: 005af990cd96cb64698cd03644cb01ce, type: 3}
      propertyPath: m_RootOrder
      value: 0
      objectReference: {fileID: 0}
    - target: {fileID: 8727981116684896353, guid: 005af990cd96cb64698cd03644cb01ce, type: 3}
      propertyPath: m_AnchorMax.x
      value: 0
      objectReference: {fileID: 0}
    - target: {fileID: 8727981116684896353, guid: 005af990cd96cb64698cd03644cb01ce, type: 3}
      propertyPath: m_AnchorMax.y
      value: 0
      objectReference: {fileID: 0}
    - target: {fileID: 8727981116684896353, guid: 005af990cd96cb64698cd03644cb01ce, type: 3}
      propertyPath: m_AnchorMin.x
      value: 0
      objectReference: {fileID: 0}
    - target: {fileID: 8727981116684896353, guid: 005af990cd96cb64698cd03644cb01ce, type: 3}
      propertyPath: m_AnchorMin.y
      value: 0
      objectReference: {fileID: 0}
    - target: {fileID: 8727981116684896353, guid: 005af990cd96cb64698cd03644cb01ce, type: 3}
      propertyPath: m_SizeDelta.x
      value: 0
      objectReference: {fileID: 0}
    - target: {fileID: 8727981116684896353, guid: 005af990cd96cb64698cd03644cb01ce, type: 3}
      propertyPath: m_SizeDelta.y
      value: 0
      objectReference: {fileID: 0}
    - target: {fileID: 8727981116684896353, guid: 005af990cd96cb64698cd03644cb01ce, type: 3}
      propertyPath: m_LocalPosition.x
      value: 0
      objectReference: {fileID: 0}
    - target: {fileID: 8727981116684896353, guid: 005af990cd96cb64698cd03644cb01ce, type: 3}
      propertyPath: m_LocalPosition.y
      value: 0
      objectReference: {fileID: 0}
    - target: {fileID: 8727981116684896353, guid: 005af990cd96cb64698cd03644cb01ce, type: 3}
      propertyPath: m_LocalPosition.z
      value: 0
      objectReference: {fileID: 0}
    - target: {fileID: 8727981116684896353, guid: 005af990cd96cb64698cd03644cb01ce, type: 3}
      propertyPath: m_LocalRotation.w
      value: 1
      objectReference: {fileID: 0}
    - target: {fileID: 8727981116684896353, guid: 005af990cd96cb64698cd03644cb01ce, type: 3}
      propertyPath: m_LocalRotation.x
      value: 0
      objectReference: {fileID: 0}
    - target: {fileID: 8727981116684896353, guid: 005af990cd96cb64698cd03644cb01ce, type: 3}
      propertyPath: m_LocalRotation.y
      value: 0
      objectReference: {fileID: 0}
    - target: {fileID: 8727981116684896353, guid: 005af990cd96cb64698cd03644cb01ce, type: 3}
      propertyPath: m_LocalRotation.z
      value: 0
      objectReference: {fileID: 0}
    - target: {fileID: 8727981116684896353, guid: 005af990cd96cb64698cd03644cb01ce, type: 3}
      propertyPath: m_AnchoredPosition.x
      value: 0
      objectReference: {fileID: 0}
    - target: {fileID: 8727981116684896353, guid: 005af990cd96cb64698cd03644cb01ce, type: 3}
      propertyPath: m_AnchoredPosition.y
      value: 0
      objectReference: {fileID: 0}
    - target: {fileID: 8727981116684896353, guid: 005af990cd96cb64698cd03644cb01ce, type: 3}
      propertyPath: m_LocalEulerAnglesHint.x
      value: 0
      objectReference: {fileID: 0}
    - target: {fileID: 8727981116684896353, guid: 005af990cd96cb64698cd03644cb01ce, type: 3}
      propertyPath: m_LocalEulerAnglesHint.y
      value: 0
      objectReference: {fileID: 0}
    - target: {fileID: 8727981116684896353, guid: 005af990cd96cb64698cd03644cb01ce, type: 3}
      propertyPath: m_LocalEulerAnglesHint.z
      value: 0
      objectReference: {fileID: 0}
    m_RemovedComponents: []
  m_SourcePrefab: {fileID: 100100000, guid: 005af990cd96cb64698cd03644cb01ce, type: 3}
--- !u!224 &8071859560055021830 stripped
RectTransform:
  m_CorrespondingSourceObject: {fileID: 8727981116684896353, guid: 005af990cd96cb64698cd03644cb01ce, type: 3}
  m_PrefabInstance: {fileID: 658938512186911079}
  m_PrefabAsset: {fileID: 0}
--- !u!1001 &4495891039799757729
PrefabInstance:
  m_ObjectHideFlags: 0
  serializedVersion: 2
  m_Modification:
    m_TransformParent: {fileID: 4495891041193587516}
    m_Modifications:
    - target: {fileID: 3685896960962522006, guid: 005af990cd96cb64698cd03644cb01ce, type: 3}
      propertyPath: m_Name
      value: Item Slot (2)
      objectReference: {fileID: 0}
    - target: {fileID: 8415193121016240758, guid: 005af990cd96cb64698cd03644cb01ce, type: 3}
      propertyPath: m_Sprite
      value: 
      objectReference: {fileID: 21300000, guid: d908adef14ad98741aaa0bd3644c83c4, type: 3}
    - target: {fileID: 8415193121016240758, guid: 005af990cd96cb64698cd03644cb01ce, type: 3}
      propertyPath: m_Color.a
      value: 0
      objectReference: {fileID: 0}
    - target: {fileID: 8415193121016240758, guid: 005af990cd96cb64698cd03644cb01ce, type: 3}
      propertyPath: m_Enabled
      value: 1
      objectReference: {fileID: 0}
    - target: {fileID: 8727981116684896353, guid: 005af990cd96cb64698cd03644cb01ce, type: 3}
      propertyPath: m_Pivot.x
      value: 0.5
      objectReference: {fileID: 0}
    - target: {fileID: 8727981116684896353, guid: 005af990cd96cb64698cd03644cb01ce, type: 3}
      propertyPath: m_Pivot.y
      value: 0.5
      objectReference: {fileID: 0}
    - target: {fileID: 8727981116684896353, guid: 005af990cd96cb64698cd03644cb01ce, type: 3}
      propertyPath: m_RootOrder
      value: 1
      objectReference: {fileID: 0}
    - target: {fileID: 8727981116684896353, guid: 005af990cd96cb64698cd03644cb01ce, type: 3}
      propertyPath: m_AnchorMax.x
      value: 0
      objectReference: {fileID: 0}
    - target: {fileID: 8727981116684896353, guid: 005af990cd96cb64698cd03644cb01ce, type: 3}
      propertyPath: m_AnchorMax.y
      value: 0
      objectReference: {fileID: 0}
    - target: {fileID: 8727981116684896353, guid: 005af990cd96cb64698cd03644cb01ce, type: 3}
      propertyPath: m_AnchorMin.x
      value: 0
      objectReference: {fileID: 0}
    - target: {fileID: 8727981116684896353, guid: 005af990cd96cb64698cd03644cb01ce, type: 3}
      propertyPath: m_AnchorMin.y
      value: 0
      objectReference: {fileID: 0}
    - target: {fileID: 8727981116684896353, guid: 005af990cd96cb64698cd03644cb01ce, type: 3}
      propertyPath: m_SizeDelta.x
      value: 0
      objectReference: {fileID: 0}
    - target: {fileID: 8727981116684896353, guid: 005af990cd96cb64698cd03644cb01ce, type: 3}
      propertyPath: m_SizeDelta.y
      value: 0
      objectReference: {fileID: 0}
    - target: {fileID: 8727981116684896353, guid: 005af990cd96cb64698cd03644cb01ce, type: 3}
      propertyPath: m_LocalPosition.x
      value: 0
      objectReference: {fileID: 0}
    - target: {fileID: 8727981116684896353, guid: 005af990cd96cb64698cd03644cb01ce, type: 3}
      propertyPath: m_LocalPosition.y
      value: 0
      objectReference: {fileID: 0}
    - target: {fileID: 8727981116684896353, guid: 005af990cd96cb64698cd03644cb01ce, type: 3}
      propertyPath: m_LocalPosition.z
      value: 0
      objectReference: {fileID: 0}
    - target: {fileID: 8727981116684896353, guid: 005af990cd96cb64698cd03644cb01ce, type: 3}
      propertyPath: m_LocalRotation.w
      value: 1
      objectReference: {fileID: 0}
    - target: {fileID: 8727981116684896353, guid: 005af990cd96cb64698cd03644cb01ce, type: 3}
      propertyPath: m_LocalRotation.x
      value: 0
      objectReference: {fileID: 0}
    - target: {fileID: 8727981116684896353, guid: 005af990cd96cb64698cd03644cb01ce, type: 3}
      propertyPath: m_LocalRotation.y
      value: 0
      objectReference: {fileID: 0}
    - target: {fileID: 8727981116684896353, guid: 005af990cd96cb64698cd03644cb01ce, type: 3}
      propertyPath: m_LocalRotation.z
      value: 0
      objectReference: {fileID: 0}
    - target: {fileID: 8727981116684896353, guid: 005af990cd96cb64698cd03644cb01ce, type: 3}
      propertyPath: m_AnchoredPosition.x
      value: 0
      objectReference: {fileID: 0}
    - target: {fileID: 8727981116684896353, guid: 005af990cd96cb64698cd03644cb01ce, type: 3}
      propertyPath: m_AnchoredPosition.y
      value: 0
      objectReference: {fileID: 0}
    - target: {fileID: 8727981116684896353, guid: 005af990cd96cb64698cd03644cb01ce, type: 3}
      propertyPath: m_LocalEulerAnglesHint.x
      value: 0
      objectReference: {fileID: 0}
    - target: {fileID: 8727981116684896353, guid: 005af990cd96cb64698cd03644cb01ce, type: 3}
      propertyPath: m_LocalEulerAnglesHint.y
      value: 0
      objectReference: {fileID: 0}
    - target: {fileID: 8727981116684896353, guid: 005af990cd96cb64698cd03644cb01ce, type: 3}
      propertyPath: m_LocalEulerAnglesHint.z
      value: 0
      objectReference: {fileID: 0}
    m_RemovedComponents: []
  m_SourcePrefab: {fileID: 100100000, guid: 005af990cd96cb64698cd03644cb01ce, type: 3}
--- !u!224 &5135398257298654144 stripped
RectTransform:
  m_CorrespondingSourceObject: {fileID: 8727981116684896353, guid: 005af990cd96cb64698cd03644cb01ce, type: 3}
  m_PrefabInstance: {fileID: 4495891039799757729}
  m_PrefabAsset: {fileID: 0}
--- !u!1001 &4495891039950561596
PrefabInstance:
  m_ObjectHideFlags: 0
  serializedVersion: 2
  m_Modification:
    m_TransformParent: {fileID: 4495891041193587516}
    m_Modifications:
    - target: {fileID: 3685896960962522006, guid: 005af990cd96cb64698cd03644cb01ce, type: 3}
      propertyPath: m_Name
      value: Item Slot (4)
      objectReference: {fileID: 0}
    - target: {fileID: 8415193121016240758, guid: 005af990cd96cb64698cd03644cb01ce, type: 3}
      propertyPath: m_Sprite
      value: 
      objectReference: {fileID: 21300000, guid: d908adef14ad98741aaa0bd3644c83c4, type: 3}
    - target: {fileID: 8415193121016240758, guid: 005af990cd96cb64698cd03644cb01ce, type: 3}
      propertyPath: m_Color.a
      value: 0
      objectReference: {fileID: 0}
    - target: {fileID: 8415193121016240758, guid: 005af990cd96cb64698cd03644cb01ce, type: 3}
      propertyPath: m_Enabled
      value: 1
      objectReference: {fileID: 0}
    - target: {fileID: 8727981116684896353, guid: 005af990cd96cb64698cd03644cb01ce, type: 3}
      propertyPath: m_Pivot.x
      value: 0.5
      objectReference: {fileID: 0}
    - target: {fileID: 8727981116684896353, guid: 005af990cd96cb64698cd03644cb01ce, type: 3}
      propertyPath: m_Pivot.y
      value: 0.5
      objectReference: {fileID: 0}
    - target: {fileID: 8727981116684896353, guid: 005af990cd96cb64698cd03644cb01ce, type: 3}
      propertyPath: m_RootOrder
      value: 3
      objectReference: {fileID: 0}
    - target: {fileID: 8727981116684896353, guid: 005af990cd96cb64698cd03644cb01ce, type: 3}
      propertyPath: m_AnchorMax.x
      value: 0
      objectReference: {fileID: 0}
    - target: {fileID: 8727981116684896353, guid: 005af990cd96cb64698cd03644cb01ce, type: 3}
      propertyPath: m_AnchorMax.y
      value: 0
      objectReference: {fileID: 0}
    - target: {fileID: 8727981116684896353, guid: 005af990cd96cb64698cd03644cb01ce, type: 3}
      propertyPath: m_AnchorMin.x
      value: 0
      objectReference: {fileID: 0}
    - target: {fileID: 8727981116684896353, guid: 005af990cd96cb64698cd03644cb01ce, type: 3}
      propertyPath: m_AnchorMin.y
      value: 0
      objectReference: {fileID: 0}
    - target: {fileID: 8727981116684896353, guid: 005af990cd96cb64698cd03644cb01ce, type: 3}
      propertyPath: m_SizeDelta.x
      value: 0
      objectReference: {fileID: 0}
    - target: {fileID: 8727981116684896353, guid: 005af990cd96cb64698cd03644cb01ce, type: 3}
      propertyPath: m_SizeDelta.y
      value: 0
      objectReference: {fileID: 0}
    - target: {fileID: 8727981116684896353, guid: 005af990cd96cb64698cd03644cb01ce, type: 3}
      propertyPath: m_LocalPosition.x
      value: 0
      objectReference: {fileID: 0}
    - target: {fileID: 8727981116684896353, guid: 005af990cd96cb64698cd03644cb01ce, type: 3}
      propertyPath: m_LocalPosition.y
      value: 0
      objectReference: {fileID: 0}
    - target: {fileID: 8727981116684896353, guid: 005af990cd96cb64698cd03644cb01ce, type: 3}
      propertyPath: m_LocalPosition.z
      value: 0
      objectReference: {fileID: 0}
    - target: {fileID: 8727981116684896353, guid: 005af990cd96cb64698cd03644cb01ce, type: 3}
      propertyPath: m_LocalRotation.w
      value: 1
      objectReference: {fileID: 0}
    - target: {fileID: 8727981116684896353, guid: 005af990cd96cb64698cd03644cb01ce, type: 3}
      propertyPath: m_LocalRotation.x
      value: 0
      objectReference: {fileID: 0}
    - target: {fileID: 8727981116684896353, guid: 005af990cd96cb64698cd03644cb01ce, type: 3}
      propertyPath: m_LocalRotation.y
      value: 0
      objectReference: {fileID: 0}
    - target: {fileID: 8727981116684896353, guid: 005af990cd96cb64698cd03644cb01ce, type: 3}
      propertyPath: m_LocalRotation.z
      value: 0
      objectReference: {fileID: 0}
    - target: {fileID: 8727981116684896353, guid: 005af990cd96cb64698cd03644cb01ce, type: 3}
      propertyPath: m_AnchoredPosition.x
      value: 0
      objectReference: {fileID: 0}
    - target: {fileID: 8727981116684896353, guid: 005af990cd96cb64698cd03644cb01ce, type: 3}
      propertyPath: m_AnchoredPosition.y
      value: 0
      objectReference: {fileID: 0}
    - target: {fileID: 8727981116684896353, guid: 005af990cd96cb64698cd03644cb01ce, type: 3}
      propertyPath: m_LocalEulerAnglesHint.x
      value: 0
      objectReference: {fileID: 0}
    - target: {fileID: 8727981116684896353, guid: 005af990cd96cb64698cd03644cb01ce, type: 3}
      propertyPath: m_LocalEulerAnglesHint.y
      value: 0
      objectReference: {fileID: 0}
    - target: {fileID: 8727981116684896353, guid: 005af990cd96cb64698cd03644cb01ce, type: 3}
      propertyPath: m_LocalEulerAnglesHint.z
      value: 0
      objectReference: {fileID: 0}
    m_RemovedComponents: []
  m_SourcePrefab: {fileID: 100100000, guid: 005af990cd96cb64698cd03644cb01ce, type: 3}
--- !u!224 &5135398256910494045 stripped
RectTransform:
  m_CorrespondingSourceObject: {fileID: 8727981116684896353, guid: 005af990cd96cb64698cd03644cb01ce, type: 3}
  m_PrefabInstance: {fileID: 4495891039950561596}
  m_PrefabAsset: {fileID: 0}
--- !u!1001 &4495891040215837695
PrefabInstance:
  m_ObjectHideFlags: 0
  serializedVersion: 2
  m_Modification:
    m_TransformParent: {fileID: 4495891041193587516}
    m_Modifications:
    - target: {fileID: 3685896960962522006, guid: 005af990cd96cb64698cd03644cb01ce, type: 3}
      propertyPath: m_Name
      value: Item Slot (7)
      objectReference: {fileID: 0}
    - target: {fileID: 8415193121016240758, guid: 005af990cd96cb64698cd03644cb01ce, type: 3}
      propertyPath: m_Sprite
      value: 
      objectReference: {fileID: 21300000, guid: d908adef14ad98741aaa0bd3644c83c4, type: 3}
    - target: {fileID: 8415193121016240758, guid: 005af990cd96cb64698cd03644cb01ce, type: 3}
      propertyPath: m_Color.a
      value: 0
      objectReference: {fileID: 0}
    - target: {fileID: 8415193121016240758, guid: 005af990cd96cb64698cd03644cb01ce, type: 3}
      propertyPath: m_Enabled
      value: 1
      objectReference: {fileID: 0}
    - target: {fileID: 8727981116684896353, guid: 005af990cd96cb64698cd03644cb01ce, type: 3}
      propertyPath: m_Pivot.x
      value: 0.5
      objectReference: {fileID: 0}
    - target: {fileID: 8727981116684896353, guid: 005af990cd96cb64698cd03644cb01ce, type: 3}
      propertyPath: m_Pivot.y
      value: 0.5
      objectReference: {fileID: 0}
    - target: {fileID: 8727981116684896353, guid: 005af990cd96cb64698cd03644cb01ce, type: 3}
      propertyPath: m_RootOrder
      value: 6
      objectReference: {fileID: 0}
    - target: {fileID: 8727981116684896353, guid: 005af990cd96cb64698cd03644cb01ce, type: 3}
      propertyPath: m_AnchorMax.x
      value: 0
      objectReference: {fileID: 0}
    - target: {fileID: 8727981116684896353, guid: 005af990cd96cb64698cd03644cb01ce, type: 3}
      propertyPath: m_AnchorMax.y
      value: 0
      objectReference: {fileID: 0}
    - target: {fileID: 8727981116684896353, guid: 005af990cd96cb64698cd03644cb01ce, type: 3}
      propertyPath: m_AnchorMin.x
      value: 0
      objectReference: {fileID: 0}
    - target: {fileID: 8727981116684896353, guid: 005af990cd96cb64698cd03644cb01ce, type: 3}
      propertyPath: m_AnchorMin.y
      value: 0
      objectReference: {fileID: 0}
    - target: {fileID: 8727981116684896353, guid: 005af990cd96cb64698cd03644cb01ce, type: 3}
      propertyPath: m_SizeDelta.x
      value: 0
      objectReference: {fileID: 0}
    - target: {fileID: 8727981116684896353, guid: 005af990cd96cb64698cd03644cb01ce, type: 3}
      propertyPath: m_SizeDelta.y
      value: 0
      objectReference: {fileID: 0}
    - target: {fileID: 8727981116684896353, guid: 005af990cd96cb64698cd03644cb01ce, type: 3}
      propertyPath: m_LocalPosition.x
      value: 0
      objectReference: {fileID: 0}
    - target: {fileID: 8727981116684896353, guid: 005af990cd96cb64698cd03644cb01ce, type: 3}
      propertyPath: m_LocalPosition.y
      value: 0
      objectReference: {fileID: 0}
    - target: {fileID: 8727981116684896353, guid: 005af990cd96cb64698cd03644cb01ce, type: 3}
      propertyPath: m_LocalPosition.z
      value: 0
      objectReference: {fileID: 0}
    - target: {fileID: 8727981116684896353, guid: 005af990cd96cb64698cd03644cb01ce, type: 3}
      propertyPath: m_LocalRotation.w
      value: 1
      objectReference: {fileID: 0}
    - target: {fileID: 8727981116684896353, guid: 005af990cd96cb64698cd03644cb01ce, type: 3}
      propertyPath: m_LocalRotation.x
      value: 0
      objectReference: {fileID: 0}
    - target: {fileID: 8727981116684896353, guid: 005af990cd96cb64698cd03644cb01ce, type: 3}
      propertyPath: m_LocalRotation.y
      value: 0
      objectReference: {fileID: 0}
    - target: {fileID: 8727981116684896353, guid: 005af990cd96cb64698cd03644cb01ce, type: 3}
      propertyPath: m_LocalRotation.z
      value: 0
      objectReference: {fileID: 0}
    - target: {fileID: 8727981116684896353, guid: 005af990cd96cb64698cd03644cb01ce, type: 3}
      propertyPath: m_AnchoredPosition.x
      value: 0
      objectReference: {fileID: 0}
    - target: {fileID: 8727981116684896353, guid: 005af990cd96cb64698cd03644cb01ce, type: 3}
      propertyPath: m_AnchoredPosition.y
      value: 0
      objectReference: {fileID: 0}
    - target: {fileID: 8727981116684896353, guid: 005af990cd96cb64698cd03644cb01ce, type: 3}
      propertyPath: m_LocalEulerAnglesHint.x
      value: 0
      objectReference: {fileID: 0}
    - target: {fileID: 8727981116684896353, guid: 005af990cd96cb64698cd03644cb01ce, type: 3}
      propertyPath: m_LocalEulerAnglesHint.y
      value: 0
      objectReference: {fileID: 0}
    - target: {fileID: 8727981116684896353, guid: 005af990cd96cb64698cd03644cb01ce, type: 3}
      propertyPath: m_LocalEulerAnglesHint.z
      value: 0
      objectReference: {fileID: 0}
    m_RemovedComponents: []
  m_SourcePrefab: {fileID: 100100000, guid: 005af990cd96cb64698cd03644cb01ce, type: 3}
--- !u!224 &5135398256632603550 stripped
RectTransform:
  m_CorrespondingSourceObject: {fileID: 8727981116684896353, guid: 005af990cd96cb64698cd03644cb01ce, type: 3}
  m_PrefabInstance: {fileID: 4495891040215837695}
  m_PrefabAsset: {fileID: 0}
--- !u!1001 &4495891040286752915
PrefabInstance:
  m_ObjectHideFlags: 0
  serializedVersion: 2
  m_Modification:
    m_TransformParent: {fileID: 4495891041193587516}
    m_Modifications:
    - target: {fileID: 3685896960962522006, guid: 005af990cd96cb64698cd03644cb01ce, type: 3}
      propertyPath: m_Name
      value: Item Slot (3)
      objectReference: {fileID: 0}
    - target: {fileID: 8415193121016240758, guid: 005af990cd96cb64698cd03644cb01ce, type: 3}
      propertyPath: m_Sprite
      value: 
      objectReference: {fileID: 21300000, guid: d908adef14ad98741aaa0bd3644c83c4, type: 3}
    - target: {fileID: 8415193121016240758, guid: 005af990cd96cb64698cd03644cb01ce, type: 3}
      propertyPath: m_Color.a
      value: 0
      objectReference: {fileID: 0}
    - target: {fileID: 8415193121016240758, guid: 005af990cd96cb64698cd03644cb01ce, type: 3}
      propertyPath: m_Enabled
      value: 1
      objectReference: {fileID: 0}
    - target: {fileID: 8727981116684896353, guid: 005af990cd96cb64698cd03644cb01ce, type: 3}
      propertyPath: m_Pivot.x
      value: 0.5
      objectReference: {fileID: 0}
    - target: {fileID: 8727981116684896353, guid: 005af990cd96cb64698cd03644cb01ce, type: 3}
      propertyPath: m_Pivot.y
      value: 0.5
      objectReference: {fileID: 0}
    - target: {fileID: 8727981116684896353, guid: 005af990cd96cb64698cd03644cb01ce, type: 3}
      propertyPath: m_RootOrder
      value: 2
      objectReference: {fileID: 0}
    - target: {fileID: 8727981116684896353, guid: 005af990cd96cb64698cd03644cb01ce, type: 3}
      propertyPath: m_AnchorMax.x
      value: 0
      objectReference: {fileID: 0}
    - target: {fileID: 8727981116684896353, guid: 005af990cd96cb64698cd03644cb01ce, type: 3}
      propertyPath: m_AnchorMax.y
      value: 0
      objectReference: {fileID: 0}
    - target: {fileID: 8727981116684896353, guid: 005af990cd96cb64698cd03644cb01ce, type: 3}
      propertyPath: m_AnchorMin.x
      value: 0
      objectReference: {fileID: 0}
    - target: {fileID: 8727981116684896353, guid: 005af990cd96cb64698cd03644cb01ce, type: 3}
      propertyPath: m_AnchorMin.y
      value: 0
      objectReference: {fileID: 0}
    - target: {fileID: 8727981116684896353, guid: 005af990cd96cb64698cd03644cb01ce, type: 3}
      propertyPath: m_SizeDelta.x
      value: 0
      objectReference: {fileID: 0}
    - target: {fileID: 8727981116684896353, guid: 005af990cd96cb64698cd03644cb01ce, type: 3}
      propertyPath: m_SizeDelta.y
      value: 0
      objectReference: {fileID: 0}
    - target: {fileID: 8727981116684896353, guid: 005af990cd96cb64698cd03644cb01ce, type: 3}
      propertyPath: m_LocalPosition.x
      value: 0
      objectReference: {fileID: 0}
    - target: {fileID: 8727981116684896353, guid: 005af990cd96cb64698cd03644cb01ce, type: 3}
      propertyPath: m_LocalPosition.y
      value: 0
      objectReference: {fileID: 0}
    - target: {fileID: 8727981116684896353, guid: 005af990cd96cb64698cd03644cb01ce, type: 3}
      propertyPath: m_LocalPosition.z
      value: 0
      objectReference: {fileID: 0}
    - target: {fileID: 8727981116684896353, guid: 005af990cd96cb64698cd03644cb01ce, type: 3}
      propertyPath: m_LocalRotation.w
      value: 1
      objectReference: {fileID: 0}
    - target: {fileID: 8727981116684896353, guid: 005af990cd96cb64698cd03644cb01ce, type: 3}
      propertyPath: m_LocalRotation.x
      value: 0
      objectReference: {fileID: 0}
    - target: {fileID: 8727981116684896353, guid: 005af990cd96cb64698cd03644cb01ce, type: 3}
      propertyPath: m_LocalRotation.y
      value: 0
      objectReference: {fileID: 0}
    - target: {fileID: 8727981116684896353, guid: 005af990cd96cb64698cd03644cb01ce, type: 3}
      propertyPath: m_LocalRotation.z
      value: 0
      objectReference: {fileID: 0}
    - target: {fileID: 8727981116684896353, guid: 005af990cd96cb64698cd03644cb01ce, type: 3}
      propertyPath: m_AnchoredPosition.x
      value: 0
      objectReference: {fileID: 0}
    - target: {fileID: 8727981116684896353, guid: 005af990cd96cb64698cd03644cb01ce, type: 3}
      propertyPath: m_AnchoredPosition.y
      value: 0
      objectReference: {fileID: 0}
    - target: {fileID: 8727981116684896353, guid: 005af990cd96cb64698cd03644cb01ce, type: 3}
      propertyPath: m_LocalEulerAnglesHint.x
      value: 0
      objectReference: {fileID: 0}
    - target: {fileID: 8727981116684896353, guid: 005af990cd96cb64698cd03644cb01ce, type: 3}
      propertyPath: m_LocalEulerAnglesHint.y
      value: 0
      objectReference: {fileID: 0}
    - target: {fileID: 8727981116684896353, guid: 005af990cd96cb64698cd03644cb01ce, type: 3}
      propertyPath: m_LocalEulerAnglesHint.z
      value: 0
      objectReference: {fileID: 0}
    m_RemovedComponents: []
  m_SourcePrefab: {fileID: 100100000, guid: 005af990cd96cb64698cd03644cb01ce, type: 3}
--- !u!224 &5135398256711649522 stripped
RectTransform:
  m_CorrespondingSourceObject: {fileID: 8727981116684896353, guid: 005af990cd96cb64698cd03644cb01ce, type: 3}
  m_PrefabInstance: {fileID: 4495891040286752915}
  m_PrefabAsset: {fileID: 0}
--- !u!1001 &4495891040291015667
PrefabInstance:
  m_ObjectHideFlags: 0
  serializedVersion: 2
  m_Modification:
    m_TransformParent: {fileID: 4495891041193587516}
    m_Modifications:
    - target: {fileID: 3685896960962522006, guid: 005af990cd96cb64698cd03644cb01ce, type: 3}
      propertyPath: m_Name
      value: Item Slot (8)
      objectReference: {fileID: 0}
    - target: {fileID: 8415193121016240758, guid: 005af990cd96cb64698cd03644cb01ce, type: 3}
      propertyPath: m_Sprite
      value: 
      objectReference: {fileID: 21300000, guid: d908adef14ad98741aaa0bd3644c83c4, type: 3}
    - target: {fileID: 8415193121016240758, guid: 005af990cd96cb64698cd03644cb01ce, type: 3}
      propertyPath: m_Color.a
      value: 0
      objectReference: {fileID: 0}
    - target: {fileID: 8415193121016240758, guid: 005af990cd96cb64698cd03644cb01ce, type: 3}
      propertyPath: m_Enabled
      value: 1
      objectReference: {fileID: 0}
    - target: {fileID: 8727981116684896353, guid: 005af990cd96cb64698cd03644cb01ce, type: 3}
      propertyPath: m_Pivot.x
      value: 0.5
      objectReference: {fileID: 0}
    - target: {fileID: 8727981116684896353, guid: 005af990cd96cb64698cd03644cb01ce, type: 3}
      propertyPath: m_Pivot.y
      value: 0.5
      objectReference: {fileID: 0}
    - target: {fileID: 8727981116684896353, guid: 005af990cd96cb64698cd03644cb01ce, type: 3}
      propertyPath: m_RootOrder
      value: 7
      objectReference: {fileID: 0}
    - target: {fileID: 8727981116684896353, guid: 005af990cd96cb64698cd03644cb01ce, type: 3}
      propertyPath: m_AnchorMax.x
      value: 0
      objectReference: {fileID: 0}
    - target: {fileID: 8727981116684896353, guid: 005af990cd96cb64698cd03644cb01ce, type: 3}
      propertyPath: m_AnchorMax.y
      value: 0
      objectReference: {fileID: 0}
    - target: {fileID: 8727981116684896353, guid: 005af990cd96cb64698cd03644cb01ce, type: 3}
      propertyPath: m_AnchorMin.x
      value: 0
      objectReference: {fileID: 0}
    - target: {fileID: 8727981116684896353, guid: 005af990cd96cb64698cd03644cb01ce, type: 3}
      propertyPath: m_AnchorMin.y
      value: 0
      objectReference: {fileID: 0}
    - target: {fileID: 8727981116684896353, guid: 005af990cd96cb64698cd03644cb01ce, type: 3}
      propertyPath: m_SizeDelta.x
      value: 0
      objectReference: {fileID: 0}
    - target: {fileID: 8727981116684896353, guid: 005af990cd96cb64698cd03644cb01ce, type: 3}
      propertyPath: m_SizeDelta.y
      value: 0
      objectReference: {fileID: 0}
    - target: {fileID: 8727981116684896353, guid: 005af990cd96cb64698cd03644cb01ce, type: 3}
      propertyPath: m_LocalPosition.x
      value: 0
      objectReference: {fileID: 0}
    - target: {fileID: 8727981116684896353, guid: 005af990cd96cb64698cd03644cb01ce, type: 3}
      propertyPath: m_LocalPosition.y
      value: 0
      objectReference: {fileID: 0}
    - target: {fileID: 8727981116684896353, guid: 005af990cd96cb64698cd03644cb01ce, type: 3}
      propertyPath: m_LocalPosition.z
      value: 0
      objectReference: {fileID: 0}
    - target: {fileID: 8727981116684896353, guid: 005af990cd96cb64698cd03644cb01ce, type: 3}
      propertyPath: m_LocalRotation.w
      value: 1
      objectReference: {fileID: 0}
    - target: {fileID: 8727981116684896353, guid: 005af990cd96cb64698cd03644cb01ce, type: 3}
      propertyPath: m_LocalRotation.x
      value: 0
      objectReference: {fileID: 0}
    - target: {fileID: 8727981116684896353, guid: 005af990cd96cb64698cd03644cb01ce, type: 3}
      propertyPath: m_LocalRotation.y
      value: 0
      objectReference: {fileID: 0}
    - target: {fileID: 8727981116684896353, guid: 005af990cd96cb64698cd03644cb01ce, type: 3}
      propertyPath: m_LocalRotation.z
      value: 0
      objectReference: {fileID: 0}
    - target: {fileID: 8727981116684896353, guid: 005af990cd96cb64698cd03644cb01ce, type: 3}
      propertyPath: m_AnchoredPosition.x
      value: 0
      objectReference: {fileID: 0}
    - target: {fileID: 8727981116684896353, guid: 005af990cd96cb64698cd03644cb01ce, type: 3}
      propertyPath: m_AnchoredPosition.y
      value: 0
      objectReference: {fileID: 0}
    - target: {fileID: 8727981116684896353, guid: 005af990cd96cb64698cd03644cb01ce, type: 3}
      propertyPath: m_LocalEulerAnglesHint.x
      value: 0
      objectReference: {fileID: 0}
    - target: {fileID: 8727981116684896353, guid: 005af990cd96cb64698cd03644cb01ce, type: 3}
      propertyPath: m_LocalEulerAnglesHint.y
      value: 0
      objectReference: {fileID: 0}
    - target: {fileID: 8727981116684896353, guid: 005af990cd96cb64698cd03644cb01ce, type: 3}
      propertyPath: m_LocalEulerAnglesHint.z
      value: 0
      objectReference: {fileID: 0}
    m_RemovedComponents: []
  m_SourcePrefab: {fileID: 100100000, guid: 005af990cd96cb64698cd03644cb01ce, type: 3}
--- !u!224 &5135398256707781522 stripped
RectTransform:
  m_CorrespondingSourceObject: {fileID: 8727981116684896353, guid: 005af990cd96cb64698cd03644cb01ce, type: 3}
  m_PrefabInstance: {fileID: 4495891040291015667}
  m_PrefabAsset: {fileID: 0}
--- !u!1001 &4495891040593157368
PrefabInstance:
  m_ObjectHideFlags: 0
  serializedVersion: 2
  m_Modification:
    m_TransformParent: {fileID: 4495891041193587516}
    m_Modifications:
    - target: {fileID: 3685896960962522006, guid: 005af990cd96cb64698cd03644cb01ce, type: 3}
      propertyPath: m_Name
      value: Item Slot (5)
      objectReference: {fileID: 0}
    - target: {fileID: 8415193121016240758, guid: 005af990cd96cb64698cd03644cb01ce, type: 3}
      propertyPath: m_Sprite
      value: 
      objectReference: {fileID: 21300000, guid: d908adef14ad98741aaa0bd3644c83c4, type: 3}
    - target: {fileID: 8415193121016240758, guid: 005af990cd96cb64698cd03644cb01ce, type: 3}
      propertyPath: m_Color.a
      value: 0
      objectReference: {fileID: 0}
    - target: {fileID: 8415193121016240758, guid: 005af990cd96cb64698cd03644cb01ce, type: 3}
      propertyPath: m_Enabled
      value: 1
      objectReference: {fileID: 0}
    - target: {fileID: 8727981116684896353, guid: 005af990cd96cb64698cd03644cb01ce, type: 3}
      propertyPath: m_Pivot.x
      value: 0.5
      objectReference: {fileID: 0}
    - target: {fileID: 8727981116684896353, guid: 005af990cd96cb64698cd03644cb01ce, type: 3}
      propertyPath: m_Pivot.y
      value: 0.5
      objectReference: {fileID: 0}
    - target: {fileID: 8727981116684896353, guid: 005af990cd96cb64698cd03644cb01ce, type: 3}
      propertyPath: m_RootOrder
      value: 4
      objectReference: {fileID: 0}
    - target: {fileID: 8727981116684896353, guid: 005af990cd96cb64698cd03644cb01ce, type: 3}
      propertyPath: m_AnchorMax.x
      value: 0
      objectReference: {fileID: 0}
    - target: {fileID: 8727981116684896353, guid: 005af990cd96cb64698cd03644cb01ce, type: 3}
      propertyPath: m_AnchorMax.y
      value: 0
      objectReference: {fileID: 0}
    - target: {fileID: 8727981116684896353, guid: 005af990cd96cb64698cd03644cb01ce, type: 3}
      propertyPath: m_AnchorMin.x
      value: 0
      objectReference: {fileID: 0}
    - target: {fileID: 8727981116684896353, guid: 005af990cd96cb64698cd03644cb01ce, type: 3}
      propertyPath: m_AnchorMin.y
      value: 0
      objectReference: {fileID: 0}
    - target: {fileID: 8727981116684896353, guid: 005af990cd96cb64698cd03644cb01ce, type: 3}
      propertyPath: m_SizeDelta.x
      value: 0
      objectReference: {fileID: 0}
    - target: {fileID: 8727981116684896353, guid: 005af990cd96cb64698cd03644cb01ce, type: 3}
      propertyPath: m_SizeDelta.y
      value: 0
      objectReference: {fileID: 0}
    - target: {fileID: 8727981116684896353, guid: 005af990cd96cb64698cd03644cb01ce, type: 3}
      propertyPath: m_LocalPosition.x
      value: 0
      objectReference: {fileID: 0}
    - target: {fileID: 8727981116684896353, guid: 005af990cd96cb64698cd03644cb01ce, type: 3}
      propertyPath: m_LocalPosition.y
      value: 0
      objectReference: {fileID: 0}
    - target: {fileID: 8727981116684896353, guid: 005af990cd96cb64698cd03644cb01ce, type: 3}
      propertyPath: m_LocalPosition.z
      value: 0
      objectReference: {fileID: 0}
    - target: {fileID: 8727981116684896353, guid: 005af990cd96cb64698cd03644cb01ce, type: 3}
      propertyPath: m_LocalRotation.w
      value: 1
      objectReference: {fileID: 0}
    - target: {fileID: 8727981116684896353, guid: 005af990cd96cb64698cd03644cb01ce, type: 3}
      propertyPath: m_LocalRotation.x
      value: 0
      objectReference: {fileID: 0}
    - target: {fileID: 8727981116684896353, guid: 005af990cd96cb64698cd03644cb01ce, type: 3}
      propertyPath: m_LocalRotation.y
      value: 0
      objectReference: {fileID: 0}
    - target: {fileID: 8727981116684896353, guid: 005af990cd96cb64698cd03644cb01ce, type: 3}
      propertyPath: m_LocalRotation.z
      value: 0
      objectReference: {fileID: 0}
    - target: {fileID: 8727981116684896353, guid: 005af990cd96cb64698cd03644cb01ce, type: 3}
      propertyPath: m_AnchoredPosition.x
      value: 0
      objectReference: {fileID: 0}
    - target: {fileID: 8727981116684896353, guid: 005af990cd96cb64698cd03644cb01ce, type: 3}
      propertyPath: m_AnchoredPosition.y
      value: 0
      objectReference: {fileID: 0}
    - target: {fileID: 8727981116684896353, guid: 005af990cd96cb64698cd03644cb01ce, type: 3}
      propertyPath: m_LocalEulerAnglesHint.x
      value: 0
      objectReference: {fileID: 0}
    - target: {fileID: 8727981116684896353, guid: 005af990cd96cb64698cd03644cb01ce, type: 3}
      propertyPath: m_LocalEulerAnglesHint.y
      value: 0
      objectReference: {fileID: 0}
    - target: {fileID: 8727981116684896353, guid: 005af990cd96cb64698cd03644cb01ce, type: 3}
      propertyPath: m_LocalEulerAnglesHint.z
      value: 0
      objectReference: {fileID: 0}
    m_RemovedComponents: []
  m_SourcePrefab: {fileID: 100100000, guid: 005af990cd96cb64698cd03644cb01ce, type: 3}
--- !u!224 &5135398258553164953 stripped
RectTransform:
  m_CorrespondingSourceObject: {fileID: 8727981116684896353, guid: 005af990cd96cb64698cd03644cb01ce, type: 3}
  m_PrefabInstance: {fileID: 4495891040593157368}
  m_PrefabAsset: {fileID: 0}
--- !u!1001 &4495891040667458077
PrefabInstance:
  m_ObjectHideFlags: 0
  serializedVersion: 2
  m_Modification:
    m_TransformParent: {fileID: 4495891041193587516}
    m_Modifications:
    - target: {fileID: 3685896960962522006, guid: 005af990cd96cb64698cd03644cb01ce, type: 3}
      propertyPath: m_Name
      value: Item Slot (9)
      objectReference: {fileID: 0}
    - target: {fileID: 8415193121016240758, guid: 005af990cd96cb64698cd03644cb01ce, type: 3}
      propertyPath: m_Sprite
      value: 
      objectReference: {fileID: 21300000, guid: d908adef14ad98741aaa0bd3644c83c4, type: 3}
    - target: {fileID: 8415193121016240758, guid: 005af990cd96cb64698cd03644cb01ce, type: 3}
      propertyPath: m_Color.a
      value: 0
      objectReference: {fileID: 0}
    - target: {fileID: 8415193121016240758, guid: 005af990cd96cb64698cd03644cb01ce, type: 3}
      propertyPath: m_Enabled
      value: 1
      objectReference: {fileID: 0}
    - target: {fileID: 8727981116684896353, guid: 005af990cd96cb64698cd03644cb01ce, type: 3}
      propertyPath: m_Pivot.x
      value: 0.5
      objectReference: {fileID: 0}
    - target: {fileID: 8727981116684896353, guid: 005af990cd96cb64698cd03644cb01ce, type: 3}
      propertyPath: m_Pivot.y
      value: 0.5
      objectReference: {fileID: 0}
    - target: {fileID: 8727981116684896353, guid: 005af990cd96cb64698cd03644cb01ce, type: 3}
      propertyPath: m_RootOrder
      value: 8
      objectReference: {fileID: 0}
    - target: {fileID: 8727981116684896353, guid: 005af990cd96cb64698cd03644cb01ce, type: 3}
      propertyPath: m_AnchorMax.x
      value: 0
      objectReference: {fileID: 0}
    - target: {fileID: 8727981116684896353, guid: 005af990cd96cb64698cd03644cb01ce, type: 3}
      propertyPath: m_AnchorMax.y
      value: 0
      objectReference: {fileID: 0}
    - target: {fileID: 8727981116684896353, guid: 005af990cd96cb64698cd03644cb01ce, type: 3}
      propertyPath: m_AnchorMin.x
      value: 0
      objectReference: {fileID: 0}
    - target: {fileID: 8727981116684896353, guid: 005af990cd96cb64698cd03644cb01ce, type: 3}
      propertyPath: m_AnchorMin.y
      value: 0
      objectReference: {fileID: 0}
    - target: {fileID: 8727981116684896353, guid: 005af990cd96cb64698cd03644cb01ce, type: 3}
      propertyPath: m_SizeDelta.x
      value: 0
      objectReference: {fileID: 0}
    - target: {fileID: 8727981116684896353, guid: 005af990cd96cb64698cd03644cb01ce, type: 3}
      propertyPath: m_SizeDelta.y
      value: 0
      objectReference: {fileID: 0}
    - target: {fileID: 8727981116684896353, guid: 005af990cd96cb64698cd03644cb01ce, type: 3}
      propertyPath: m_LocalPosition.x
      value: 0
      objectReference: {fileID: 0}
    - target: {fileID: 8727981116684896353, guid: 005af990cd96cb64698cd03644cb01ce, type: 3}
      propertyPath: m_LocalPosition.y
      value: 0
      objectReference: {fileID: 0}
    - target: {fileID: 8727981116684896353, guid: 005af990cd96cb64698cd03644cb01ce, type: 3}
      propertyPath: m_LocalPosition.z
      value: 0
      objectReference: {fileID: 0}
    - target: {fileID: 8727981116684896353, guid: 005af990cd96cb64698cd03644cb01ce, type: 3}
      propertyPath: m_LocalRotation.w
      value: 1
      objectReference: {fileID: 0}
    - target: {fileID: 8727981116684896353, guid: 005af990cd96cb64698cd03644cb01ce, type: 3}
      propertyPath: m_LocalRotation.x
      value: 0
      objectReference: {fileID: 0}
    - target: {fileID: 8727981116684896353, guid: 005af990cd96cb64698cd03644cb01ce, type: 3}
      propertyPath: m_LocalRotation.y
      value: 0
      objectReference: {fileID: 0}
    - target: {fileID: 8727981116684896353, guid: 005af990cd96cb64698cd03644cb01ce, type: 3}
      propertyPath: m_LocalRotation.z
      value: 0
      objectReference: {fileID: 0}
    - target: {fileID: 8727981116684896353, guid: 005af990cd96cb64698cd03644cb01ce, type: 3}
      propertyPath: m_AnchoredPosition.x
      value: 0
      objectReference: {fileID: 0}
    - target: {fileID: 8727981116684896353, guid: 005af990cd96cb64698cd03644cb01ce, type: 3}
      propertyPath: m_AnchoredPosition.y
      value: 0
      objectReference: {fileID: 0}
    - target: {fileID: 8727981116684896353, guid: 005af990cd96cb64698cd03644cb01ce, type: 3}
      propertyPath: m_LocalEulerAnglesHint.x
      value: 0
      objectReference: {fileID: 0}
    - target: {fileID: 8727981116684896353, guid: 005af990cd96cb64698cd03644cb01ce, type: 3}
      propertyPath: m_LocalEulerAnglesHint.y
      value: 0
      objectReference: {fileID: 0}
    - target: {fileID: 8727981116684896353, guid: 005af990cd96cb64698cd03644cb01ce, type: 3}
      propertyPath: m_LocalEulerAnglesHint.z
      value: 0
      objectReference: {fileID: 0}
    m_RemovedComponents: []
  m_SourcePrefab: {fileID: 100100000, guid: 005af990cd96cb64698cd03644cb01ce, type: 3}
--- !u!224 &5135398258625630844 stripped
RectTransform:
  m_CorrespondingSourceObject: {fileID: 8727981116684896353, guid: 005af990cd96cb64698cd03644cb01ce, type: 3}
  m_PrefabInstance: {fileID: 4495891040667458077}
  m_PrefabAsset: {fileID: 0}
--- !u!1001 &4495891040834128522
PrefabInstance:
  m_ObjectHideFlags: 0
  serializedVersion: 2
  m_Modification:
    m_TransformParent: {fileID: 4495891041193587516}
    m_Modifications:
    - target: {fileID: 3685896960962522006, guid: 005af990cd96cb64698cd03644cb01ce, type: 3}
      propertyPath: m_Name
      value: Item Slot (6)
      objectReference: {fileID: 0}
    - target: {fileID: 8415193121016240758, guid: 005af990cd96cb64698cd03644cb01ce, type: 3}
      propertyPath: m_Sprite
      value: 
      objectReference: {fileID: 21300000, guid: d908adef14ad98741aaa0bd3644c83c4, type: 3}
    - target: {fileID: 8415193121016240758, guid: 005af990cd96cb64698cd03644cb01ce, type: 3}
      propertyPath: m_Color.a
      value: 0
      objectReference: {fileID: 0}
    - target: {fileID: 8415193121016240758, guid: 005af990cd96cb64698cd03644cb01ce, type: 3}
      propertyPath: m_Enabled
      value: 1
      objectReference: {fileID: 0}
    - target: {fileID: 8727981116684896353, guid: 005af990cd96cb64698cd03644cb01ce, type: 3}
      propertyPath: m_Pivot.x
      value: 0.5
      objectReference: {fileID: 0}
    - target: {fileID: 8727981116684896353, guid: 005af990cd96cb64698cd03644cb01ce, type: 3}
      propertyPath: m_Pivot.y
      value: 0.5
      objectReference: {fileID: 0}
    - target: {fileID: 8727981116684896353, guid: 005af990cd96cb64698cd03644cb01ce, type: 3}
      propertyPath: m_RootOrder
      value: 5
      objectReference: {fileID: 0}
    - target: {fileID: 8727981116684896353, guid: 005af990cd96cb64698cd03644cb01ce, type: 3}
      propertyPath: m_AnchorMax.x
      value: 0
      objectReference: {fileID: 0}
    - target: {fileID: 8727981116684896353, guid: 005af990cd96cb64698cd03644cb01ce, type: 3}
      propertyPath: m_AnchorMax.y
      value: 0
      objectReference: {fileID: 0}
    - target: {fileID: 8727981116684896353, guid: 005af990cd96cb64698cd03644cb01ce, type: 3}
      propertyPath: m_AnchorMin.x
      value: 0
      objectReference: {fileID: 0}
    - target: {fileID: 8727981116684896353, guid: 005af990cd96cb64698cd03644cb01ce, type: 3}
      propertyPath: m_AnchorMin.y
      value: 0
      objectReference: {fileID: 0}
    - target: {fileID: 8727981116684896353, guid: 005af990cd96cb64698cd03644cb01ce, type: 3}
      propertyPath: m_SizeDelta.x
      value: 0
      objectReference: {fileID: 0}
    - target: {fileID: 8727981116684896353, guid: 005af990cd96cb64698cd03644cb01ce, type: 3}
      propertyPath: m_SizeDelta.y
      value: 0
      objectReference: {fileID: 0}
    - target: {fileID: 8727981116684896353, guid: 005af990cd96cb64698cd03644cb01ce, type: 3}
      propertyPath: m_LocalPosition.x
      value: 0
      objectReference: {fileID: 0}
    - target: {fileID: 8727981116684896353, guid: 005af990cd96cb64698cd03644cb01ce, type: 3}
      propertyPath: m_LocalPosition.y
      value: 0
      objectReference: {fileID: 0}
    - target: {fileID: 8727981116684896353, guid: 005af990cd96cb64698cd03644cb01ce, type: 3}
      propertyPath: m_LocalPosition.z
      value: 0
      objectReference: {fileID: 0}
    - target: {fileID: 8727981116684896353, guid: 005af990cd96cb64698cd03644cb01ce, type: 3}
      propertyPath: m_LocalRotation.w
      value: 1
      objectReference: {fileID: 0}
    - target: {fileID: 8727981116684896353, guid: 005af990cd96cb64698cd03644cb01ce, type: 3}
      propertyPath: m_LocalRotation.x
      value: 0
      objectReference: {fileID: 0}
    - target: {fileID: 8727981116684896353, guid: 005af990cd96cb64698cd03644cb01ce, type: 3}
      propertyPath: m_LocalRotation.y
      value: 0
      objectReference: {fileID: 0}
    - target: {fileID: 8727981116684896353, guid: 005af990cd96cb64698cd03644cb01ce, type: 3}
      propertyPath: m_LocalRotation.z
      value: 0
      objectReference: {fileID: 0}
    - target: {fileID: 8727981116684896353, guid: 005af990cd96cb64698cd03644cb01ce, type: 3}
      propertyPath: m_AnchoredPosition.x
      value: 0
      objectReference: {fileID: 0}
    - target: {fileID: 8727981116684896353, guid: 005af990cd96cb64698cd03644cb01ce, type: 3}
      propertyPath: m_AnchoredPosition.y
      value: 0
      objectReference: {fileID: 0}
    - target: {fileID: 8727981116684896353, guid: 005af990cd96cb64698cd03644cb01ce, type: 3}
      propertyPath: m_LocalEulerAnglesHint.x
      value: 0
      objectReference: {fileID: 0}
    - target: {fileID: 8727981116684896353, guid: 005af990cd96cb64698cd03644cb01ce, type: 3}
      propertyPath: m_LocalEulerAnglesHint.y
      value: 0
      objectReference: {fileID: 0}
    - target: {fileID: 8727981116684896353, guid: 005af990cd96cb64698cd03644cb01ce, type: 3}
      propertyPath: m_LocalEulerAnglesHint.z
      value: 0
      objectReference: {fileID: 0}
    m_RemovedComponents: []
  m_SourcePrefab: {fileID: 100100000, guid: 005af990cd96cb64698cd03644cb01ce, type: 3}
--- !u!224 &5135398258324374251 stripped
RectTransform:
  m_CorrespondingSourceObject: {fileID: 8727981116684896353, guid: 005af990cd96cb64698cd03644cb01ce, type: 3}
  m_PrefabInstance: {fileID: 4495891040834128522}
  m_PrefabAsset: {fileID: 0}
--- !u!1001 &4495891041471399645
PrefabInstance:
  m_ObjectHideFlags: 0
  serializedVersion: 2
  m_Modification:
    m_TransformParent: {fileID: 4495891041193587516}
    m_Modifications:
    - target: {fileID: 3685896960962522006, guid: 005af990cd96cb64698cd03644cb01ce, type: 3}
      propertyPath: m_Name
      value: Item Slot (10)
      objectReference: {fileID: 0}
    - target: {fileID: 8415193121016240758, guid: 005af990cd96cb64698cd03644cb01ce, type: 3}
      propertyPath: m_Sprite
      value: 
      objectReference: {fileID: 21300000, guid: d908adef14ad98741aaa0bd3644c83c4, type: 3}
    - target: {fileID: 8415193121016240758, guid: 005af990cd96cb64698cd03644cb01ce, type: 3}
      propertyPath: m_Color.a
      value: 0
      objectReference: {fileID: 0}
    - target: {fileID: 8415193121016240758, guid: 005af990cd96cb64698cd03644cb01ce, type: 3}
      propertyPath: m_Enabled
      value: 1
      objectReference: {fileID: 0}
    - target: {fileID: 8727981116684896353, guid: 005af990cd96cb64698cd03644cb01ce, type: 3}
      propertyPath: m_Pivot.x
      value: 0.5
      objectReference: {fileID: 0}
    - target: {fileID: 8727981116684896353, guid: 005af990cd96cb64698cd03644cb01ce, type: 3}
      propertyPath: m_Pivot.y
      value: 0.5
      objectReference: {fileID: 0}
    - target: {fileID: 8727981116684896353, guid: 005af990cd96cb64698cd03644cb01ce, type: 3}
      propertyPath: m_RootOrder
      value: 9
      objectReference: {fileID: 0}
    - target: {fileID: 8727981116684896353, guid: 005af990cd96cb64698cd03644cb01ce, type: 3}
      propertyPath: m_AnchorMax.x
      value: 0
      objectReference: {fileID: 0}
    - target: {fileID: 8727981116684896353, guid: 005af990cd96cb64698cd03644cb01ce, type: 3}
      propertyPath: m_AnchorMax.y
      value: 0
      objectReference: {fileID: 0}
    - target: {fileID: 8727981116684896353, guid: 005af990cd96cb64698cd03644cb01ce, type: 3}
      propertyPath: m_AnchorMin.x
      value: 0
      objectReference: {fileID: 0}
    - target: {fileID: 8727981116684896353, guid: 005af990cd96cb64698cd03644cb01ce, type: 3}
      propertyPath: m_AnchorMin.y
      value: 0
      objectReference: {fileID: 0}
    - target: {fileID: 8727981116684896353, guid: 005af990cd96cb64698cd03644cb01ce, type: 3}
      propertyPath: m_SizeDelta.x
      value: 0
      objectReference: {fileID: 0}
    - target: {fileID: 8727981116684896353, guid: 005af990cd96cb64698cd03644cb01ce, type: 3}
      propertyPath: m_SizeDelta.y
      value: 0
      objectReference: {fileID: 0}
    - target: {fileID: 8727981116684896353, guid: 005af990cd96cb64698cd03644cb01ce, type: 3}
      propertyPath: m_LocalPosition.x
      value: 0
      objectReference: {fileID: 0}
    - target: {fileID: 8727981116684896353, guid: 005af990cd96cb64698cd03644cb01ce, type: 3}
      propertyPath: m_LocalPosition.y
      value: 0
      objectReference: {fileID: 0}
    - target: {fileID: 8727981116684896353, guid: 005af990cd96cb64698cd03644cb01ce, type: 3}
      propertyPath: m_LocalPosition.z
      value: 0
      objectReference: {fileID: 0}
    - target: {fileID: 8727981116684896353, guid: 005af990cd96cb64698cd03644cb01ce, type: 3}
      propertyPath: m_LocalRotation.w
      value: 1
      objectReference: {fileID: 0}
    - target: {fileID: 8727981116684896353, guid: 005af990cd96cb64698cd03644cb01ce, type: 3}
      propertyPath: m_LocalRotation.x
      value: 0
      objectReference: {fileID: 0}
    - target: {fileID: 8727981116684896353, guid: 005af990cd96cb64698cd03644cb01ce, type: 3}
      propertyPath: m_LocalRotation.y
      value: 0
      objectReference: {fileID: 0}
    - target: {fileID: 8727981116684896353, guid: 005af990cd96cb64698cd03644cb01ce, type: 3}
      propertyPath: m_LocalRotation.z
      value: 0
      objectReference: {fileID: 0}
    - target: {fileID: 8727981116684896353, guid: 005af990cd96cb64698cd03644cb01ce, type: 3}
      propertyPath: m_AnchoredPosition.x
      value: 0
      objectReference: {fileID: 0}
    - target: {fileID: 8727981116684896353, guid: 005af990cd96cb64698cd03644cb01ce, type: 3}
      propertyPath: m_AnchoredPosition.y
      value: 0
      objectReference: {fileID: 0}
    - target: {fileID: 8727981116684896353, guid: 005af990cd96cb64698cd03644cb01ce, type: 3}
      propertyPath: m_LocalEulerAnglesHint.x
      value: 0
      objectReference: {fileID: 0}
    - target: {fileID: 8727981116684896353, guid: 005af990cd96cb64698cd03644cb01ce, type: 3}
      propertyPath: m_LocalEulerAnglesHint.y
      value: 0
      objectReference: {fileID: 0}
    - target: {fileID: 8727981116684896353, guid: 005af990cd96cb64698cd03644cb01ce, type: 3}
      propertyPath: m_LocalEulerAnglesHint.z
      value: 0
      objectReference: {fileID: 0}
    m_RemovedComponents: []
  m_SourcePrefab: {fileID: 100100000, guid: 005af990cd96cb64698cd03644cb01ce, type: 3}
--- !u!224 &5135398257820798652 stripped
RectTransform:
  m_CorrespondingSourceObject: {fileID: 8727981116684896353, guid: 005af990cd96cb64698cd03644cb01ce, type: 3}
  m_PrefabInstance: {fileID: 4495891041471399645}
  m_PrefabAsset: {fileID: 0}
